
@online{_10Pythonlibrary_,
  title = {10 {{Python}} Library for Evolutionary and Genetic Algorithm | {{Data Science}} and {{Machine Learning}}},
  url = {https://www.kaggle.com/getting-started/a},
  urldate = {2022-02-08},
  langid = {english}
}

@software{_allenaiallennlpmodels_2021,
  title = {Allenai/Allennlp-Models},
  date = {2021-10-12T14:34:32Z},
  origdate = {2020-03-10T00:22:21Z},
  url = {https://github.com/allenai/allennlp-models/blob/c814aa1ab48b94b18d894d9746d966627c2d3958/allennlp_models/lm/dataset_readers/next_token_lm.py},
  urldate = {2021-10-20},
  organization = {{AI2}}
}

@online{_AllenNLP_,
  title = {{{AllenNLP}}},
  url = {https://allennlp.org/%PUBLIC_URL%},
  urldate = {2021-10-20},
  langid = {american}
}

@online{_allennlpmodelsallennlpmodels_,
  title = {Allennlp-Models/Allennlp\_models/Lm/Dataset\_readers at Main {$\cdot$} Allenai/Allennlp-Models},
  url = {https://github.com/allenai/allennlp-models},
  urldate = {2021-10-20},
  langid = {english},
  organization = {{GitHub}}
}

@online{_AutoencoderBetaVAE_2018,
  title = {From {{Autoencoder}} to {{Beta-VAE}}},
  date = {2018-08-12T10:18:00+00:00},
  url = {https://lilianweng.github.io/2018/08/12/from-autoencoder-to-beta-vae.html},
  urldate = {2022-02-08},
  langid = {english},
  organization = {{Lil'Log}}
}

@online{_CategoricalVariationalAutoEncoders_2018,
  title = {Categorical {{Variational Auto-Encoders}} and the {{Gumbel Trick}} \textbullet{} {{David Stutz}}},
  date = {2018-08-15T16:14:12+00:00},
  url = {https://davidstutz.de/categorical-variational-auto-encoders-and-the-gumbel-trick/},
  urldate = {2022-03-23},
  langid = {american},
  organization = {{David Stutz}}
}

@online{_CelonisAcademicAlliance_,
  title = {Celonis {{Academic Alliance}} - {{Process Mining Experts Program}}},
  url = {https://www.celonis.com/acal-thesis-support/},
  urldate = {2021-09-30},
  langid = {english},
  organization = {{Celonis}}
}

@online{_ConvolutionsAutoregressiveNeural_,
  title = {Convolutions in {{Autoregressive Neural Networks}}},
  url = {https://theblog.github.io},
  urldate = {2021-10-24},
  langid = {english},
  organization = {{The Blog}}
}

@online{_counterfactual_,
  title = {Counterfactual},
  doi = {10.1093/oi/authority.20110803095642948},
  url = {https://www-oxfordreference-com.proxy.library.uu.nl/view/10.1093/oi/authority.20110803095642948},
  urldate = {2022-02-10},
  langid = {english},
  organization = {{Oxford Reference}}
}

@online{_counterfactualadjectiveDefinition_,
  title = {Counterfactual Adjective - {{Definition}}, Pictures, Pronunciation and Usage Notes | {{Oxford Advanced American Dictionary}} at {{OxfordLearnersDictionaries}}.Com},
  url = {https://www.oxfordlearnersdictionaries.com/definition/american_english/counterfactual},
  urldate = {2022-02-09}
}

@software{_DEAP_2022,
  title = {{{DEAP}}},
  date = {2022-02-08T10:17:23Z},
  origdate = {2014-05-21T20:07:39Z},
  url = {https://github.com/DEAP/deap},
  urldate = {2022-02-08},
  organization = {{Distributed Evolutionary Algorithms in Python}}
}

@online{_DefinitionPROCESS_,
  title = {Definition of {{PROCESS}}},
  url = {https://www.merriam-webster.com/dictionary/process},
  urldate = {2022-02-17},
  langid = {english}
}

@online{_GeneticAlgorithmsEvolutionary_2011,
  title = {Genetic {{Algorithms}} and {{Evolutionary Algorithms}} - {{Introduction}}},
  date = {2011-01-11T18:43:55-08:00},
  url = {https://www.solver.com/genetic-evolutionary-introduction},
  urldate = {2022-02-04},
  langid = {english},
  organization = {{solver}}
}

@inreference{_Grangercausality_2022,
  title = {Granger Causality},
  booktitle = {Wikipedia},
  date = {2022-01-10T14:30:59Z},
  url = {https://en.wikipedia.org/w/index.php?title=Granger_causality&oldid=1064850191},
  urldate = {2022-02-02},
  langid = {english},
  annotation = {Page Version ID: 1064850191}
}

@article{_IEEEStandardeXtensible_2016,
  title = {{{IEEE Standard}} for {{eXtensible Event Stream}} ({{XES}}) for {{Achieving Interoperability}} in {{Event Logs}} and {{Event Streams}}},
  date = {2016-11},
  journaltitle = {IEEE Std 1849-2016},
  pages = {1--50},
  doi = {10.1109/IEEESTD.2016.7740858},
  eventtitle = {{{IEEE Std}} 1849-2016},
  keywords = {Behavioral sciences,event log,Event recognition,event stream,extensions,Grammar,IEEE 1849(TM),IEEE Standards,Information systems,Semantics,system behavior,XML}
}

@online{_ImplementingLevenshteinDistance_2020,
  title = {Implementing {{The Levenshtein Distance}} in {{Python}}},
  date = {2020-03-15T18:07:27},
  url = {https://blog.paperspace.com/implementing-levenshtein-distance-word-autocomplete-autocorrect/},
  urldate = {2022-03-27},
  langid = {english},
  organization = {{Paperspace Blog}}
}

@online{_ModelZooVRNN_,
  title = {Model {{Zoo}} - {{VRNN PyTorch Model}}},
  url = {https://modelzoo.co/model/vrnn},
  urldate = {2022-03-24}
}

@online{_MultivariateTimeSeries_,
  title = {6.4.5. {{Multivariate Time Series Models}}},
  url = {https://www.itl.nist.gov/div898/handbook/pmc/section4/pmc45.htm},
  urldate = {2022-02-02}
}

@online{_MultivariateTimeSeries_2018,
  title = {Multivariate {{Time Series}} | {{Vector Auto Regression}} ({{VAR}})},
  date = {2018-09-27T14:30:52+00:00},
  url = {https://www.analyticsvidhya.com/blog/2018/09/multivariate-time-series-guide-forecasting-modeling-python-codes/},
  urldate = {2021-11-09},
  langid = {english},
  organization = {{Analytics Vidhya}}
}

@software{_MustreadPapersTextual_2021,
  title = {Must-Read {{Papers}} on {{Textual Adversarial Attack}} and {{Defense}} ({{TAAD}})},
  date = {2021-09-07T09:15:35Z},
  origdate = {2019-06-09T09:46:05Z},
  url = {https://github.com/thunlp/TAADpapers},
  urldate = {2021-09-09},
  organization = {{THUNLP}},
  keywords = {adversarial-attacks,adversarial-defense,adversarial-learning,natural-language-processing,nlp,paper-list}
}

@online{_nexttokenlm_,
  title = {Next\_token\_lm - {{AllenNLP Models}} v2.7.0},
  url = {https://docs.allennlp.org/models/main/models/lm/models/next_token_lm/},
  urldate = {2021-10-20}
}

@online{_PapersCodeBPI_,
  title = {Papers with {{Code}} - {{BPI}} Challenge '12 {{Benchmark}} ({{Multivariate Time Series Forecasting}})},
  url = {https://paperswithcode.com/sota/multivariate-time-series-forecasting-on-bpi},
  urldate = {2021-11-09},
  langid = {english}
}

@online{_probabilityVariationalautoencoder_,
  title = {Probability - {{Variational}} Autoencoder: {{Why}} Reconstruction Term Is Same to Square Loss?},
  shorttitle = {Probability - {{Variational}} Autoencoder},
  url = {https://stats.stackexchange.com/questions/347378/variational-autoencoder-why-reconstruction-term-is-same-to-square-loss},
  urldate = {2022-02-08},
  organization = {{Cross Validated}}
}

@online{_PyTorchTemporalConvolutional_,
  title = {({{PyTorch}}) {{Temporal Convolutional Networks}}},
  url = {https://kaggle.com/ceshine/pytorch-temporal-convolutional-networks},
  urldate = {2021-10-19},
  langid = {english},
  keywords = {code}
}

@online{_Representingtextfeatures_,
  title = {Representing Text as Features: {{Tokenizers}}, {{TextFields}}, and {{TextFieldEmbedders}} {$\cdot$} {{A Guide}} to {{Natural Language Processing With AllenNLP}}},
  shorttitle = {Representing Text as Features},
  url = {https://guide.allennlp.org/representing-text-as-features},
  urldate = {2021-10-02},
  langid = {english},
  organization = {{A Guide to Natural Language Processing With AllenNLP}}
}

@software{_SequenceModelingBenchmarks_2021,
  title = {Sequence {{Modeling Benchmarks}} and {{Temporal Convolutional Networks}} ({{TCN}})},
  date = {2021-10-19T14:27:13Z},
  origdate = {2018-03-02T22:56:39Z},
  url = {https://github.com/locuslab/TCN/blob/2221de3323032faef7bde744b0e211bd274cb2d0/TCN/tcn.py},
  urldate = {2021-10-19},
  organization = {{CMU Locus Lab}},
  keywords = {code}
}

@online{_StanfordCS236Deep_,
  title = {Stanford {{CS236}} - {{Deep Generative Modelling}}},
  url = {https://deepgenerativemodels.github.io/notes/},
  urldate = {2021-10-17}
}

@inreference{_Statespacerepresentation_2021,
  title = {State-Space Representation},
  booktitle = {Wikipedia},
  date = {2021-11-06T01:04:55Z},
  url = {https://en.wikipedia.org/w/index.php?title=State-space_representation&oldid=1053783244},
  urldate = {2022-02-20},
  langid = {english},
  annotation = {Page Version ID: 1053783244}
}

@software{_structuredInf_2022,
  title = {{{structuredInf}}},
  date = {2022-01-28T18:01:53Z},
  origdate = {2016-05-24T18:12:10Z},
  url = {https://github.com/clinicalml/structuredinference},
  urldate = {2022-02-24},
  organization = {{Sontag Lab}}
}

@online{_TCNTemporalConvolutional_,
  title = {{{TCN}} ({{Temporal Convolutional Network}}) | Tsai},
  url = {https://timeseriesai.github.io/tsai/models.TCN.html},
  urldate = {2021-10-19},
  keywords = {code}
}

@online{_Tutorialvariationalautoencoders_,
  title = {Tutorial \#5: Variational Autoencoders},
  url = {https://www.borealisai.com/en/blog/tutorial-5-variational-auto-encoders/},
  urldate = {2022-02-24}
}

@online{_Whatdifferencegenetic_,
  title = {What Is the Difference between Genetic and Evolutionary Algorithms?},
  url = {https://stackoverflow.com/questions/2890061/what-is-the-difference-between-genetic-and-evolutionary-algorithms},
  urldate = {2022-02-04},
  organization = {{Stack Overflow}}
}

@online{_WhatElitismIGI_,
  title = {What Is {{Elitism}} | {{IGI Global}}},
  url = {https://www-igi-global-com.proxy.library.uu.nl/dictionary/multi-objective-evolutionary-algorithms/9592},
  urldate = {2022-06-12}
}

@article{agrawal_studyphenomenonMoravec_2010,
  title = {To Study the Phenomenon of the {{Moravec}}'s {{Paradox}}},
  author = {Agrawal, Kush},
  date = {2010},
  journaltitle = {ArXiv}
}

@video{aip-pursuingsotaaiforeveryone_NeurIPS2020Explanation_,
  title = {{{NeurIPS}} 2020 | {{An Explanation}} to {{What}} Is {{Counterfactuals}} in {{Interpretable AI}}? ({{Tutorial}})},
  shorttitle = {{{NeurIPS}} 2020 | {{An Explanation}} to {{What}} Is {{Counterfactuals}} in {{Interpretable AI}}?},
  editor = {{AIP - Pursuing SoTA AI for everyone}},
  url = {https://www.youtube.com/watch?v=adTazXyLn38},
  urldate = {2021-07-23},
  editortype = {director},
  annotation = {ZSCC: NoCitationData[s0]}
}

@article{anastasiou_CausalityDistanceMeasures_2021,
  title = {Causality {{Distance Measures}} for {{Multivariate Time Series}} with {{Applications}}},
  author = {Anastasiou, Achilleas and Hatzopoulos, Peter and Karagrigoriou, Alex and Mavridoglou, George},
  date = {2021-10-25},
  journaltitle = {Mathematics},
  shortjournal = {Mathematics},
  volume = {9},
  number = {21},
  pages = {2708},
  publisher = {{Multidisciplinary Digital Publishing Institute}},
  issn = {2227-7390},
  doi = {10.3390/math9212708},
  url = {https://www.mdpi.com/2227-7390/9/21/2708},
  urldate = {2022-02-03},
  issue = {21},
  langid = {english},
  keywords = {classification,clustering,distance,divergence,Granger causality,healthcare systems,hot,multivariate time series,pattern recognition,skimmed},
  annotation = {ZSCC: 0000000}
}

@article{anderson_SpeciesProblemIris_1936,
  title = {The {{Species Problem}} in {{Iris}}},
  author = {Anderson, Edgar},
  date = {1936},
  journaltitle = {Annals of the Missouri Botanical Garden},
  volume = {23},
  number = {3},
  eprint = {2394164},
  eprinttype = {jstor},
  pages = {457--509},
  publisher = {{Missouri Botanical Garden Press}},
  issn = {0026-6493},
  doi = {10.2307/2394164}
}

@article{apostolico_SequenceAlignmentMolecular_1998,
  ids = {Apostolico1998173},
  title = {Sequence {{Alignment}} in {{Molecular Biology}}},
  author = {Apostolico, Alberto and Giancarlo, Raffaele},
  date = {1998-01},
  journaltitle = {Journal of Computational Biology},
  volume = {5},
  number = {2},
  pages = {173--196},
  publisher = {{Mary Ann Liebert, Inc., publishers}},
  doi = {10.1089/cmb.1998.5.173},
  url = {https://www-liebertpub-com.proxy.library.uu.nl/doi/10.1089/cmb.1998.5.173},
  urldate = {2022-04-22},
  document_type = {Review},
  source = {Scopus}
}

@article{araujo_Howevolutionaryalgorithms_2007,
  title = {How Evolutionary Algorithms Are Applied to Statistical Natural Language Processing},
  author = {Araujo, Lourdes},
  date = {2007-12-01},
  journaltitle = {Artificial Intelligence Review},
  shortjournal = {Artif. Intell. Rev.},
  volume = {28},
  number = {4},
  pages = {275--303},
  issn = {0269-2821},
  doi = {10.1007/s10462-009-9104-y},
  url = {https://doi.org/10.1007/s10462-009-9104-y},
  urldate = {2022-05-07},
  keywords = {document classification,document clustering,Evolutionary algorithms,grammar induction,hot,language generation,machine translation,review,semantic analysis,skimmed,Statistical natural language processing,syntax analysis,text summarisation}
}

@inproceedings{ates_CounterfactualExplanationsMultivariate_2021,
  title = {Counterfactual {{Explanations}} for {{Multivariate Time Series}}},
  booktitle = {2021 {{International Conference}} on {{Applied Artificial Intelligence}} ({{ICAPAI}})},
  author = {Ates, Emre and Aksar, Burak and Leung, Vitus J. and Coskun, Ayse K.},
  date = {2021-05-19},
  pages = {1--8},
  publisher = {{IEEE}},
  location = {{Halden, Norway}},
  doi = {10.1109/ICAPAI49758.2021.9462056},
  url = {https://ieeexplore.ieee.org/document/9462056/},
  urldate = {2022-03-01},
  eventtitle = {2021 {{International Conference}} on {{Applied Artificial Intelligence}} ({{ICAPAI}})},
  isbn = {978-1-72815-934-8},
  langid = {english},
  annotation = {ZSCC: 0000011}
}

@inproceedings{auer_DBpedianucleusweb_2007,
  title = {{{DBpedia}}: A Nucleus for a Web of Open Data},
  shorttitle = {{{DBpedia}}},
  booktitle = {Proceedings of the 6th International {{The}} Semantic Web and 2nd {{Asian}} Conference on {{Asian}} Semantic Web Conference},
  author = {Auer, S\"oren and Bizer, Christian and Kobilarov, Georgi and Lehmann, Jens and Cyganiak, Richard and Ives, Zachary},
  date = {2007-11-11},
  series = {{{ISWC}}'07/{{ASWC}}'07},
  pages = {722--735},
  publisher = {{Springer-Verlag}},
  location = {{Berlin, Heidelberg}},
  isbn = {978-3-540-76297-3}
}

@article{augusto_AutomatedDiscoveryProcess_2019,
  title = {Automated {{Discovery}} of {{Process Models}} from {{Event Logs}}: {{Review}} and {{Benchmark}}},
  shorttitle = {Automated {{Discovery}} of {{Process Models}} from {{Event Logs}}},
  author = {Augusto, Adriano and Conforti, Raffaele and Dumas, Marlon and Rosa, Marcello La and Maggi, Fabrizio Maria and Marrella, Andrea and Mecella, Massimo and Soo, Allar},
  date = {2019-04},
  journaltitle = {IEEE Transactions on Knowledge and Data Engineering},
  volume = {31},
  number = {4},
  pages = {686--705},
  issn = {1558-2191},
  doi = {10.1109/TKDE.2018.2841877},
  eventtitle = {{{IEEE Transactions}} on {{Knowledge}} and {{Data Engineering}}},
  keywords = {automated process discovery,benchmark,Benchmark testing,Data mining,Data models,done,hot,Process control,Process mining,survey,Systematics,Task analysis},
  annotation = {ZSCC: NoCitationData[s0]}
}

@article{augusto_AutomatedDiscoveryProcess_2019a,
  title = {Automated {{Discovery}} of {{Process Models}} from {{Event Logs}}: {{Review}} and {{Benchmark}}},
  shorttitle = {Automated {{Discovery}} of {{Process Models}} from {{Event Logs}}},
  author = {Augusto, Adriano and Conforti, Raffaele and Dumas, Marlon and Rosa, Marcello La and Maggi, Fabrizio Maria and Marrella, Andrea and Mecella, Massimo and Soo, Allar},
  date = {2019-04},
  journaltitle = {IEEE Transactions on Knowledge and Data Engineering},
  volume = {31},
  number = {4},
  pages = {686--705},
  issn = {1558-2191},
  doi = {10.1109/TKDE.2018.2841877},
  eventtitle = {{{IEEE Transactions}} on {{Knowledge}} and {{Data Engineering}}},
  keywords = {automated process discovery,benchmark,Benchmark testing,Data mining,Data models,Process control,Process mining,survey,Systematics,Task analysis}
}

@article{back_OverviewEvolutionaryAlgorithms_1993,
  title = {An {{Overview}} of {{Evolutionary Algorithms}} for {{Parameter Optimization}}},
  author = {B\"ack, Thomas and Schwefel, Hans-Paul},
  date = {1993-03-01},
  journaltitle = {Evolutionary Computation},
  shortjournal = {Evolutionary Computation},
  volume = {1},
  number = {1},
  pages = {1--23},
  issn = {1063-6560},
  doi = {10.1162/evco.1993.1.1.1},
  url = {https://doi.org/10.1162/evco.1993.1.1.1},
  urldate = {2022-05-07},
  keywords = {irrelevant}
}

@article{baker_ClosingLoopEmpirical_2017,
  title = {Closing the {{Loop}}: {{An Empirical Investigation}} of {{Causality}} in {{IT Business Value}}},
  shorttitle = {Closing the {{Loop}}},
  author = {Baker, J. and Song, Jaeki and Jones, Donald R.},
  date = {2017},
  journaltitle = {undefined},
  url = {https://www.semanticscholar.org/paper/Closing-the-Loop%3A-An-Empirical-Investigation-of-in-Baker-Song/df210060211bdc598f2d3382c68c615319287f71},
  urldate = {2022-03-01},
  langid = {english},
  annotation = {ZSCC: 0000000}
}

@inproceedings{bao_ReviewCuttingEdgeTechniques_2009,
  title = {A {{Review}} on {{Cutting-Edge Techniques}} in {{Evolutionary Algorithms}}},
  author = {Bao, Yun and Zhao, Erbo and Gan, Xiaocong and Luo, Dan and Han, Zhangang},
  date = {2009-08-01},
  pages = {347--351},
  publisher = {{IEEE Computer Society}},
  doi = {10.1109/ICNC.2009.459},
  url = {https://www.computer.org/csdl/proceedings-article/icnc/2009/3736e347/12OmNxI0KvG},
  urldate = {2022-05-07},
  eventtitle = {2009 {{Fifth International Conference}} on {{Natural Computation}}},
  isbn = {978-0-7695-3736-8},
  langid = {english},
  keywords = {done,hot}
}

@online{barla_HowCodeBERT_2021,
  title = {How to {{Code BERT Using PyTorch}} - {{Tutorial With Examples}}},
  author = {Barla, Nilesh},
  date = {2021-05-20T08:02:00+00:00},
  url = {https://neptune.ai/blog/how-to-code-bert-using-pytorch-tutorial},
  urldate = {2021-10-02},
  langid = {american},
  organization = {{neptune.ai}},
  keywords = {blog,code}
}

@unpublished{bayer_LearningStochasticRecurrent_2015,
  title = {Learning {{Stochastic Recurrent Networks}}},
  author = {Bayer, Justin and Osendorfer, Christian},
  date = {2015-03-05},
  eprint = {1411.7610},
  eprinttype = {arxiv},
  primaryclass = {cs, stat},
  url = {http://arxiv.org/abs/1411.7610},
  urldate = {2022-02-07},
  archiveprefix = {arXiv},
  keywords = {Computer Science - Machine Learning,done,hot,M2M,named_model,Statistics - Machine Learning},
  annotation = {ZSCC: 0000002}
}

@online{berk_GeneticAlgorithmsNatural_2021,
  title = {Genetic {{Algorithms}} for {{Natural Language Processing}}},
  author = {Berk, Michael},
  date = {2021-06-29T15:57:29},
  url = {https://towardsdatascience.com/genetic-algorithms-for-natural-language-processing-b055aa7c14e9},
  urldate = {2022-05-07},
  langid = {english},
  organization = {{Medium}}
}

@video{bioinformatica_GlobalSequenceAlignment_2020,
  title = {Global {{Sequence Alignment}} \& {{Needleman-Wunsch}} || {{Algorithm}} and {{Example}}},
  editor = {{Bioinformatica}},
  date = {2020-08-12},
  url = {https://www.youtube.com/watch?v=ipp-pNRIp4g},
  urldate = {2022-04-18},
  editortype = {director}
}

@article{bishnoi_surveydistancemeasures_2020,
  title = {A Survey of Distance Measures for Mixed Variables},
  author = {Bishnoi, Sudha and Hooda, B. K.},
  date = {2020},
  journaltitle = {International Journal of Chemical Studies},
  shortjournal = {Int. J. Chem. Stud.},
  volume = {8},
  number = {4},
  pages = {338--343},
  publisher = {{AkiNik Publications}},
  issn = {2321-4902},
  doi = {10.22271/chemi.2020.v8.i4f.10087},
  url = {https://www.chemijournal.com/special-issue?year=2020&vol=8&issue=4&ArticleId=10087&si=true},
  urldate = {2022-02-03},
  langid = {english},
  keywords = {hot},
  annotation = {ZSCC: 0000000}
}

@unpublished{bond-taylor_DeepGenerativeModelling_2021,
  title = {Deep {{Generative Modelling}}: {{A Comparative Review}} of {{VAEs}}, {{GANs}}, {{Normalizing Flows}}, {{Energy-Based}} and {{Autoregressive Models}}},
  shorttitle = {Deep {{Generative Modelling}}},
  author = {Bond-Taylor, Sam and Leach, Adam and Long, Yang and Willcocks, Chris G.},
  date = {2021-04-14},
  eprint = {2103.04922},
  eprinttype = {arxiv},
  primaryclass = {cs, stat},
  url = {http://arxiv.org/abs/2103.04922},
  urldate = {2021-10-01},
  archiveprefix = {arXiv},
  keywords = {68T01 (Primary); 68T07 (Secondary),Computer Science - Computer Vision and Pattern Recognition,Computer Science - Machine Learning,done,G.3,hot,I.4.0,I.5.0,Statistics - Machine Learning},
  annotation = {ZSCC: 0000010}
}

@unpublished{bowman_GeneratingSentencesContinuous_2016,
  title = {Generating {{Sentences}} from a {{Continuous Space}}},
  author = {Bowman, Samuel R. and Vilnis, Luke and Vinyals, Oriol and Dai, Andrew M. and Jozefowicz, Rafal and Bengio, Samy},
  date = {2016-05-12},
  eprint = {1511.06349},
  eprinttype = {arxiv},
  primaryclass = {cs},
  url = {http://arxiv.org/abs/1511.06349},
  urldate = {2022-02-24},
  archiveprefix = {arXiv},
  keywords = {Computer Science - Computation and Language,Computer Science - Machine Learning},
  annotation = {ZSCC: 0000003}
}

@inproceedings{brown_DeepCounterfactualRegret_2019,
  title = {Deep {{Counterfactual Regret Minimization}}},
  booktitle = {Proceedings of the 36th {{International Conference}} on {{Machine Learning}}},
  author = {Brown, Noam and Lerer, Adam and Gross, Sam and Sandholm, Tuomas},
  date = {2019-05-24},
  pages = {793--802},
  publisher = {{PMLR}},
  issn = {2640-3498},
  url = {https://proceedings.mlr.press/v97/brown19b.html},
  urldate = {2021-09-29},
  eventtitle = {International {{Conference}} on {{Machine Learning}}},
  langid = {english},
  annotation = {ZSCC: 0000084}
}

@article{carvalho_MachineLearningInterpretability_2019,
  title = {Machine {{Learning Interpretability}}: {{A Survey}} on {{Methods}} and {{Metrics}}},
  shorttitle = {Machine {{Learning Interpretability}}},
  author = {Carvalho, Diogo V. and Pereira, Eduardo M. and Cardoso, Jaime S.},
  date = {2019-08},
  journaltitle = {Electronics},
  volume = {8},
  number = {8},
  pages = {832},
  publisher = {{Multidisciplinary Digital Publishing Institute}},
  doi = {10.3390/electronics8080832},
  url = {https://www.mdpi.com/2079-9292/8/8/832},
  urldate = {2021-11-09},
  issue = {8},
  langid = {english},
  keywords = {explainability,interpretability,irrelevant,machine learning,XAI},
  annotation = {ZSCC: 0000348}
}

@software{cerliani_MEDIUMNoteBook_2022,
  title = {{{MEDIUM}}\_{{NoteBook}}},
  author = {Cerliani, Marco},
  date = {2022-02-07T17:25:40Z},
  origdate = {2019-04-22T20:45:20Z},
  url = {https://github.com/cerlymarco/MEDIUM_NoteBook/blob/209a458c36df850545ea097f21f77c699bda0bc1/VAE_TimeSeries/VAE_TimeSeries.ipynb},
  urldate = {2022-02-07},
  annotation = {ZSCC: NoCitationData[s0]}
}

@online{cerliani_TimeSeriesgeneration_2020,
  title = {Time {{Series}} Generation with {{VAE LSTM}}},
  author = {Cerliani, Marco},
  date = {2020-12-29T17:49:36},
  url = {https://towardsdatascience.com/time-series-generation-with-vae-lstm-5a6426365a1c},
  urldate = {2022-02-04},
  langid = {english},
  organization = {{Medium}},
  keywords = {done,irrelevant,VAE},
  annotation = {ZSCC: NoCitationData[s0]}
}

@article{chen_EmpiricalStudySmoothing_,
  title = {An {{Empirical Study}} of {{Smoothing Techniques}} for {{Language Modeling}}},
  author = {Chen, Stanley F},
  pages = {64},
  langid = {english},
  keywords = {hot},
  annotation = {ZSCC: 0004046}
}

@article{chen_empiricalstudysmoothing_1999,
  title = {An Empirical Study of Smoothing Techniques for Language Modeling},
  author = {Chen, Stanley F. and Goodman, Joshua},
  date = {1999-10-01},
  journaltitle = {Computer Speech \& Language},
  shortjournal = {Computer Speech \& Language},
  volume = {13},
  number = {4},
  pages = {359--394},
  issn = {0885-2308},
  doi = {10.1006/csla.1999.0128},
  url = {https://www.sciencedirect.com/science/article/pii/S0885230899901286},
  urldate = {2022-04-22},
  langid = {english}
}

@article{chen_GeneticAlgorithmsExtractive_2021,
  title = {Genetic {{Algorithms For Extractive Summarization}}},
  author = {Chen, William and Ramos, Kensal and Mullaguri, Kalyan Naidu and Wu, Annie S.},
  date = {2021-05-05},
  doi = {10.48550/arXiv.2105.02365},
  url = {https://arxiv.org/abs/2105.02365v2},
  urldate = {2022-05-07},
  langid = {english},
  keywords = {irrelevant}
}

@article{chen_Probabilisticforecastingtemporal_2020,
  ids = {chen_ProbabilisticForecastingTemporal_2020a},
  title = {Probabilistic Forecasting with Temporal Convolutional Neural Network},
  author = {Chen, Yitian and Kang, Yanfei and Chen, Yixiong and Wang, Zizhuo},
  date = {2020-07-25},
  journaltitle = {Neurocomputing},
  shortjournal = {Neurocomputing},
  volume = {399},
  pages = {491--501},
  issn = {0925-2312},
  doi = {10.1016/j.neucom.2020.03.011},
  url = {https://www.sciencedirect.com/science/article/pii/S0925231220303441},
  urldate = {2021-10-19},
  langid = {english},
  keywords = {Convolutional neural network,Demand forecasting,Dilated causal convolution,High-dimensional time series,Probabilistic forecasting},
  annotation = {ZSCC: 0000050}
}

@inproceedings{chung_RecurrentLatentVariable_2016,
  ids = {chung_RecurrentLatentVariable_2015},
  title = {A {{Recurrent Latent Variable Model}} for {{Sequential Data}}},
  booktitle = {Proceedings of the 28th {{International Conference}} on {{Neural Information Processing Systems}} - {{Volume}} 2},
  author = {Chung, Junyoung and Kastner, Kyle and Dinh, Laurent and Goel, Kratarth and Courville, Aaron and Bengio, Yoshua},
  date = {2016-04-06},
  series = {{{NIPS}}'15},
  pages = {2980--2988},
  publisher = {{MIT Press}},
  location = {{Cambridge, MA, USA}},
  url = {http://arxiv.org/abs/1506.02216},
  urldate = {2022-02-03},
  keywords = {Computer Science - Machine Learning,done,hot,M2M,most-complete-causally-dependent-DVAE,named_model,VAE},
  annotation = {VRNN \& VRNN-I  ZSCC: 0000909}
}

@book{commandeur_introductionstatespace_2007,
  title = {An Introduction to State Space Time Series Analysis},
  author = {Commandeur, Jacques J. F. and Koopman, S. J.},
  date = {2007},
  series = {Practical Econometrics},
  publisher = {{Oxford University Press}},
  location = {{Oxford ; New York}},
  isbn = {978-0-19-922887-4},
  langid = {english},
  pagetotal = {174},
  keywords = {State-space methods,Time-series analysis},
  annotation = {ZSCC: 0000496  OCLC: ocn123374304}
}

@article{damerau_techniquecomputerdetection_1964,
  title = {A Technique for Computer Detection and Correction of Spelling Errors},
  author = {Damerau, Fred J.},
  date = {1964-03-01},
  journaltitle = {Communications of the ACM},
  shortjournal = {Commun. ACM},
  volume = {7},
  number = {3},
  pages = {171--176},
  issn = {0001-0782},
  doi = {10.1145/363958.363994},
  url = {https://doi.org/10.1145/363958.363994},
  urldate = {2022-04-15}
}

@inproceedings{dandl_MultiObjectiveCounterfactualExplanations_2020,
  title = {Multi-{{Objective Counterfactual Explanations}}},
  booktitle = {Parallel {{Problem Solving}} from {{Nature}} \textendash{} {{PPSN XVI}}},
  author = {Dandl, Susanne and Molnar, Christoph and Binder, Martin and Bischl, Bernd},
  editor = {B\"ack, Thomas and Preuss, Mike and Deutz, Andr\'e and Wang, Hao and Doerr, Carola and Emmerich, Michael and Trautmann, Heike},
  date = {2020},
  series = {Lecture {{Notes}} in {{Computer Science}}},
  pages = {448--469},
  publisher = {{Springer International Publishing}},
  location = {{Cham}},
  doi = {10.1007/978-3-030-58112-1_31},
  isbn = {978-3-030-58112-1},
  langid = {english},
  keywords = {Counterfactual explanations,Interpretability,Interpretable machine learning,Multi-objective optimization,NSGA-II},
  annotation = {ZSCC: 0000055}
}

@unpublished{danilevsky_SurveyStateExplainable_2020,
  title = {A {{Survey}} of the {{State}} of {{Explainable AI}} for {{Natural Language Processing}}},
  author = {Danilevsky, Marina and Qian, Kun and Aharonov, Ranit and Katsis, Yannis and Kawas, Ban and Sen, Prithviraj},
  date = {2020-10-01},
  eprint = {2010.00711},
  eprinttype = {arxiv},
  primaryclass = {cs},
  url = {http://arxiv.org/abs/2010.00711},
  urldate = {2021-07-09},
  archiveprefix = {arXiv},
  keywords = {Computer Science - Artificial Intelligence,Computer Science - Computation and Language,Computer Science - Machine Learning,done,I.2.7,XAI},
  annotation = {ZSCC: 0000023}
}

@article{davahli_OptimizingCOVID19vaccine_2021,
  title = {Optimizing {{COVID-19}} Vaccine Distribution across the {{United States}} Using Deterministic and Stochastic Recurrent Neural Networks},
  author = {Davahli, Mohammad Reza and Karwowski, Waldemar and Fiok, Krzysztof},
  date = {2021-06-07},
  journaltitle = {PLOS ONE},
  shortjournal = {PLOS ONE},
  volume = {16},
  number = {7},
  pages = {e0253925},
  publisher = {{Public Library of Science}},
  issn = {1932-6203},
  doi = {10.1371/journal.pone.0253925},
  url = {https://journals.plos.org/plosone/article?id=10.1371/journal.pone.0253925},
  urldate = {2022-03-24},
  langid = {english},
  keywords = {COVID 19,Forecasting,Linear regression analysis,Pandemics,Recurrent neural networks,United States,Vaccines,Virus testing}
}

@software{davahli_stochasticrecurrentneural_2021,
  title = {Stochastic\_recurrent\_neural\_networks},
  author = {Davahli, Mohammad Reza},
  date = {2021-04-18T01:23:49Z},
  origdate = {2021-04-12T16:47:30Z},
  url = {https://github.com/RezaDavahli/stochastic_recurrent_neural_networks},
  urldate = {2022-03-24}
}

@software{davahli_stochasticrecurrentneural_2021a,
  title = {Stochastic\_recurrent\_neural\_networks ({{CODE}})},
  author = {Davahli, Mohammad Reza},
  date = {2021-04-18T01:23:49Z},
  origdate = {2021-04-12T16:47:30Z},
  url = {https://github.com/RezaDavahli/stochastic_recurrent_neural_networks/blob/e2f64e7e5a2bc8306024c7ada104c647af2722bb/rnn_fw/models.py},
  urldate = {2022-03-24}
}

@inproceedings{dekoninck_act2vectrace2veclog2vec_2018,
  ids = {dekoninck_Act2vecTrace2vecLog2vec_2018a},
  title = {Act2vec, Trace2vec, Log2vec, and~Model2vec: {{Representation Learning}} for {{Business Processes}}},
  shorttitle = {Act2vec, Trace2vec, Log2vec, and~Model2vec},
  booktitle = {Business {{Process Management}}},
  author = {De Koninck, Pieter and family=Broucke, given=Seppe, prefix=vanden, useprefix=true and De Weerdt, Jochen},
  editor = {Weske, Mathias and Montali, Marco and Weber, Ingo and family=Brocke, given=Jan, prefix=vom, useprefix=true},
  date = {2018},
  series = {Lecture {{Notes}} in {{Computer Science}}},
  pages = {305--321},
  publisher = {{Springer International Publishing}},
  location = {{Cham}},
  doi = {10.1007/978-3-319-98648-7_18},
  isbn = {978-3-319-98648-7},
  langid = {english},
  keywords = {done,Embeddings,Process mining,Representation learning,Word embedding},
  annotation = {ZSCC: NoCitationData[s0]}
}

@inproceedings{delaney_InstanceBasedCounterfactualExplanations_2021,
  title = {Instance-{{Based Counterfactual Explanations}} for {{Time Series Classification}}},
  booktitle = {Case-{{Based Reasoning Research}} and {{Development}}},
  author = {Delaney, Eoin and Greene, Derek and Keane, Mark T.},
  editor = {S\'anchez-Ruiz, Antonio A. and Floyd, Michael W.},
  date = {2021},
  series = {Lecture {{Notes}} in {{Computer Science}}},
  pages = {32--47},
  publisher = {{Springer International Publishing}},
  location = {{Cham}},
  doi = {10.1007/978-3-030-86957-1_3},
  isbn = {978-3-030-86957-1},
  langid = {english},
  keywords = {Counterfactual explanation,Time series,XCBR},
  annotation = {ZSCC: NoCitationData[s0]}
}

@article{deng_MNISTDatabaseHandwritten_2012,
  title = {The {{MNIST Database}} of {{Handwritten Digit Images}} for {{Machine Learning Research}} [{{Best}} of the {{Web}}]},
  author = {Deng, Li},
  date = {2012-11},
  journaltitle = {IEEE Signal Processing Magazine},
  volume = {29},
  number = {6},
  pages = {141--142},
  issn = {1558-0792},
  doi = {10.1109/MSP.2012.2211477},
  eventtitle = {{{IEEE Signal Processing Magazine}}},
  keywords = {Machine learning}
}

@inproceedings{dohare_Combinationsimilaritymeasures_2011,
  title = {Combination of Similarity Measures for Time Series Classification Using Genetic Algorithms},
  booktitle = {2011 {{IEEE Congress}} of {{Evolutionary Computation}} ({{CEC}})},
  author = {Dohare, Deepti and Devi, V. Susheela},
  date = {2011-06},
  pages = {401--408},
  issn = {1941-0026},
  doi = {10.1109/CEC.2011.5949646},
  eventtitle = {2011 {{IEEE Congress}} of {{Evolutionary Computation}} ({{CEC}})},
  keywords = {Accuracy,Genetic algorithms,Genetics,Time measurement,Time series analysis,Training,Weight measurement}
}

@online{doshi_FoundationsNLPExplained_2021,
  title = {Foundations of {{NLP Explained Visually}}: {{Beam Search}}, {{How}} It {{Works}}},
  shorttitle = {Foundations of {{NLP Explained Visually}}},
  author = {Doshi, Ketan},
  date = {2021-05-21T05:18:52},
  url = {https://towardsdatascience.com/foundations-of-nlp-explained-visually-beam-search-how-it-works-1586b9849a24},
  urldate = {2022-02-26},
  langid = {english},
  organization = {{Medium}},
  annotation = {ZSCC: NoCitationData[s0]}
}

@software{emmanuel_VariationalRecurrentNeuralNetwork_2022,
  title = {{{VariationalRecurrentNeuralNetwork}}},
  author = {{emmanuel}},
  date = {2022-03-08T05:21:58Z},
  origdate = {2017-03-19T15:51:35Z},
  url = {https://github.com/emited/VariationalRecurrentNeuralNetwork},
  urldate = {2022-03-24}
}

@unpublished{fabius_VariationalRecurrentAutoEncoders_2015,
  title = {Variational {{Recurrent Auto-Encoders}}},
  author = {Fabius, Otto and family=Amersfoort, given=Joost R., prefix=van, useprefix=true},
  date = {2015-06-15},
  eprint = {1412.6581},
  eprinttype = {arxiv},
  primaryclass = {cs, stat},
  url = {http://arxiv.org/abs/1412.6581},
  urldate = {2022-02-07},
  archiveprefix = {arXiv},
  keywords = {Computer Science - Machine Learning,Computer Science - Neural and Evolutionary Computing,done,irrelevant,Statistics - Machine Learning},
  annotation = {ZSCC: 0000005}
}

@online{falcon_VariationalAutoencoderDemystified_2020,
  title = {Variational {{Autoencoder Demystified With PyTorch Implementation}}.},
  author = {Falcon, William},
  date = {2020-12-15T21:45:14},
  url = {https://towardsdatascience.com/variational-autoencoder-demystified-with-pytorch-implementation-3a06bee395ed},
  urldate = {2022-02-08},
  langid = {english},
  organization = {{Medium}},
  annotation = {ZSCC: NoCitationData[s0]}
}

@artwork{fdeloche_Englishdiagramoneunit_2017,
  title = {English:  {{A}} Diagram for a One-Unit Recurrent Neural Network ({{RNN}}). {{From}} Bottom to Top~: Input State, Hidden State, Output State. {{U}}, {{V}}, {{W}} Are the Weights of the Network. {{Compressed}} Diagram on the Left and the Unfold Version of It on the Right.},
  shorttitle = {English},
  author = {{fdeloche}},
  date = {2017-06-19},
  url = {https://commons.wikimedia.org/wiki/File:Recurrent_neural_network_unfold.svg},
  urldate = {2022-03-27}
}

@unpublished{feder_CausalInferenceNatural_2021,
  title = {Causal {{Inference}} in {{Natural Language Processing}}: {{Estimation}}, {{Prediction}}, {{Interpretation}} and {{Beyond}}},
  shorttitle = {Causal {{Inference}} in {{Natural Language Processing}}},
  author = {Feder, Amir and Keith, Katherine A. and Manzoor, Emaad and Pryzant, Reid and Sridhar, Dhanya and Wood-Doughty, Zach and Eisenstein, Jacob and Grimmer, Justin and Reichart, Roi and Roberts, Margaret E. and Stewart, Brandon M. and Veitch, Victor and Yang, Diyi},
  date = {2021-09-02},
  eprint = {2109.00725},
  eprinttype = {arxiv},
  primaryclass = {cs},
  url = {http://arxiv.org/abs/2109.00725},
  urldate = {2022-02-26},
  archiveprefix = {arXiv},
  keywords = {Computer Science - Computation and Language,Computer Science - Machine Learning},
  annotation = {ZSCC: NoCitationData[s0]}
}

@inproceedings{fern_TextCounterfactualsLatent_2021,
  title = {Text {{Counterfactuals}} via {{Latent Optimization}} and {{Shapley-Guided Search}}},
  booktitle = {Proceedings of the 2021 {{Conference}} on {{Empirical Methods}} in {{Natural Language Processing}}},
  author = {Fern, Xiaoli and Pope, Quintin},
  date = {2021-11},
  pages = {5578--5593},
  publisher = {{Association for Computational Linguistics}},
  location = {{Online and Punta Cana, Dominican Republic}},
  doi = {10.18653/v1/2021.emnlp-main.452},
  url = {https://aclanthology.org/2021.emnlp-main.452},
  urldate = {2022-02-26},
  eventtitle = {{{EMNLP}} 2021},
  annotation = {ZSCC: 0000001}
}

@article{fisher_UseMultipleMeasurements_1936,
  title = {The {{Use}} of {{Multiple Measurements}} in {{Taxonomic Problems}}},
  author = {Fisher, R. A.},
  date = {1936},
  journaltitle = {Annals of Eugenics},
  volume = {7},
  number = {2},
  pages = {179--188},
  issn = {2050-1439},
  doi = {10.1111/j.1469-1809.1936.tb02137.x},
  url = {http://onlinelibrary.wiley.com/doi/abs/10.1111/j.1469-1809.1936.tb02137.x},
  urldate = {2022-04-21},
  langid = {english},
  annotation = {\_eprint: https://onlinelibrary.wiley.com/doi/pdf/10.1111/j.1469-1809.1936.tb02137.x}
}

@inproceedings{fraccaro_Sequentialneuralmodels_2016,
  title = {Sequential Neural Models with Stochastic Layers},
  booktitle = {Proceedings of the 30th {{International Conference}} on {{Neural Information Processing Systems}}},
  author = {Fraccaro, Marco and S\o nderby, S\o ren Kaae and Paquet, Ulrich and Winther, Ole},
  date = {2016-12-05},
  series = {{{NIPS}}'16},
  pages = {2207--2215},
  publisher = {{Curran Associates Inc.}},
  location = {{Red Hook, NY, USA}},
  isbn = {978-1-5108-3881-9},
  keywords = {hot,M2M,named_model,skimmed},
  annotation = {ZSCC: 0000286}
}

@report{francis79browncorpus,
  title = {Brown Corpus Manual},
  author = {Francis, W. N. and Kucera, H.},
  date = {1979},
  institution = {{Department of Linguistics, Brown University, Providence, Rhode Island, US}},
  url = {http://icame.uib.no/brown/bcm.html},
  added-at = {2008-02-29T17:14:20.000+0100},
  biburl = {https://www.bibsonomy.org/bibtex/260bb0c74c2ecced0632393e47eb64f48/sb3000},
  interhash = {119c367841941ad1a8f0db35d9f1c0b9},
  intrahash = {60bb0c74c2ecced0632393e47eb64f48},
  keywords = {corpus linguistics text-mining},
  timestamp = {2008-02-29T17:14:20.000+0100}
}

@article{frank_Hierarchicalsequentialprocessing_2018,
  title = {Hierarchical and Sequential Processing of Language},
  author = {Frank, Stefan L. and Christiansen, Morten H.},
  date = {2018-10-21},
  journaltitle = {Language, Cognition and Neuroscience},
  volume = {33},
  number = {9},
  pages = {1213--1218},
  publisher = {{Routledge}},
  issn = {2327-3798},
  doi = {10.1080/23273798.2018.1424347},
  url = {https://doi.org/10.1080/23273798.2018.1424347},
  urldate = {2022-04-22},
  keywords = {abstraction and generalisation,Hierarchical structure,language statistics,sequential structure},
  annotation = {\_eprint: https://doi.org/10.1080/23273798.2018.1424347}
}

@article{gamback_EvolutionaryAlgorithmsNatural_2010,
  title = {Evolutionary {{Algorithms}} in {{Natural Language Processing}}},
  author = {Gamb\"ack, Bj\"orn},
  date = {2010-11-22},
  journaltitle = {Norwegian Artificial Intelligens Symposium (NAIS)},
  url = {https://www.academia.edu/3146759/Evolutionary_Algorithms_in_Natural_Language_Processing},
  urldate = {2022-05-07},
  langid = {english},
  keywords = {ambiguity resolution,done,grammar induction,hot,machine translation,review,text summarisation}
}

@unpublished{gardner_EvaluatingModelsLocal_2020,
  title = {Evaluating {{Models}}' {{Local Decision Boundaries}} via {{Contrast Sets}}},
  author = {Gardner, Matt and Artzi, Yoav and Basmova, Victoria and Berant, Jonathan and Bogin, Ben and Chen, Sihao and Dasigi, Pradeep and Dua, Dheeru and Elazar, Yanai and Gottumukkala, Ananth and Gupta, Nitish and Hajishirzi, Hanna and Ilharco, Gabriel and Khashabi, Daniel and Lin, Kevin and Liu, Jiangming and Liu, Nelson F. and Mulcaire, Phoebe and Ning, Qiang and Singh, Sameer and Smith, Noah A. and Subramanian, Sanjay and Tsarfaty, Reut and Wallace, Eric and Zhang, Ally and Zhou, Ben},
  date = {2020-10-01},
  eprint = {2004.02709},
  eprinttype = {arxiv},
  primaryclass = {cs},
  url = {http://arxiv.org/abs/2004.02709},
  urldate = {2021-09-03},
  archiveprefix = {arXiv},
  keywords = {Computer Science - Computation and Language,Evaluation,irrelevant},
  annotation = {ZSCC: NoCitationData[s0]}
}

@report{gartnerpm2019-interview,
  title = {Interview in the 2019 Gartner Market Guide for Process Mining, Research Note {{G00387812}} by m. {{Kerremans}}},
  author = {family=Aalst, given=W.M.P., prefix=van der, useprefix=false},
  date = {2019},
  added-at = {2020-01-07T14:01:33.000+0100},
  biburl = {https://www.bibsonomy.org/bibtex/210c445ad11af96f07ece965cc1b66567/wvdaalst},
  interhash = {e1a6d063d88e9a533df371ad2e2e90f6},
  intrahash = {10c445ad11af96f07ece965cc1b66567},
  keywords = {imported},
  annotation = {ZSCC: NoCitationData[s0]},
  timestamp = {2020-01-07T14:02:12.000+0100}
}

@article{girin_DynamicalVariationalAutoencoders_2021,
  title = {Dynamical {{Variational Autoencoders}}: {{A Comprehensive Review}}},
  shorttitle = {Dynamical {{Variational Autoencoders}}},
  author = {Girin, Laurent and Leglaive, Simon and Bie, Xiaoyu and Diard, Julien and Hueber, Thomas and Alameda-Pineda, Xavier},
  date = {2021-12-01},
  journaltitle = {Foundations and Trends\textregistered{} in Machine Learning},
  shortjournal = {MAL},
  volume = {15},
  number = {1-2},
  eprint = {2008.12595},
  eprinttype = {arxiv},
  pages = {1--175},
  publisher = {{Now Publishers, Inc.}},
  issn = {1935-8237, 1935-8245},
  doi = {10.1561/2200000089},
  url = {http://arxiv.org/abs/2008.12595},
  urldate = {2022-03-02},
  archiveprefix = {arXiv},
  langid = {english},
  keywords = {Computer Science - Machine Learning,hot,skimmed,Statistics - Machine Learning},
  annotation = {ZSCC: NoCitationData[s0]}
}

@unpublished{graves_GeneratingSequencesRecurrent_2014,
  title = {Generating {{Sequences With Recurrent Neural Networks}}},
  author = {Graves, Alex},
  date = {2014-06-05},
  eprint = {1308.0850},
  eprinttype = {arxiv},
  primaryclass = {cs},
  url = {http://arxiv.org/abs/1308.0850},
  urldate = {2021-12-09},
  archiveprefix = {arXiv},
  keywords = {Computer Science - Computation and Language,Computer Science - Neural and Evolutionary Computing},
  annotation = {ZSCC: 0000001}
}

@unpublished{gregor_TemporalDifferenceVariational_2019,
  title = {Temporal {{Difference Variational Auto-Encoder}}},
  author = {Gregor, Karol and Papamakarios, George and Besse, Frederic and Buesing, Lars and Weber, Theophane},
  date = {2019-01-02},
  eprint = {1806.03107},
  eprinttype = {arxiv},
  primaryclass = {cs, stat},
  url = {http://arxiv.org/abs/1806.03107},
  urldate = {2022-02-24},
  archiveprefix = {arXiv},
  keywords = {Computer Science - Machine Learning,Statistics - Machine Learning},
  annotation = {ZSCC: NoCitationData[s0]}
}

@online{grigsby_MultivariateTimeSeries_2021,
  ids = {grigsby_MultivariateTimeSeries_2021a,grigsby_MultivariateTimeSeries_2021b},
  title = {Multivariate {{Time Series Forecasting}} with {{Transformers}}},
  author = {Grigsby, Jake},
  date = {2021-10-29T15:42:11},
  url = {https://towardsdatascience.com/multivariate-time-series-forecasting-with-transformers-384dc6ce989b},
  urldate = {2021-11-09},
  langid = {english},
  organization = {{Medium}},
  annotation = {ZSCC: NoCitationData[s0]}
}

@article{grisold_Adoptionusemanagement_2020,
  title = {Adoption, Use and Management of Process Mining in Practice},
  author = {Grisold, Thomas and Mendling, Jan and Otto, Markus and family=Brocke, given=Jan, prefix=vom, useprefix=true},
  date = {2020-01-01},
  journaltitle = {Business Process Management Journal},
  volume = {27},
  number = {2},
  pages = {369--387},
  publisher = {{Emerald Publishing Limited}},
  issn = {1463-7154},
  doi = {10.1108/BPMJ-03-2020-0112},
  url = {https://doi.org/10.1108/BPMJ-03-2020-0112},
  urldate = {2021-10-15},
  keywords = {Data privacy,Focus group,Governance,Leadership,Organizational implications,Process mining},
  annotation = {ZSCC: 0000012}
}

@unpublished{gulrajani_PixelVAELatentVariable_2016,
  title = {{{PixelVAE}}: {{A Latent Variable Model}} for {{Natural Images}}},
  shorttitle = {{{PixelVAE}}},
  author = {Gulrajani, Ishaan and Kumar, Kundan and Ahmed, Faruk and Taiga, Adrien Ali and Visin, Francesco and Vazquez, David and Courville, Aaron},
  date = {2016-11-15},
  eprint = {1611.05013},
  eprinttype = {arxiv},
  primaryclass = {cs},
  url = {http://arxiv.org/abs/1611.05013},
  urldate = {2022-03-25},
  archiveprefix = {arXiv},
  keywords = {Computer Science - Machine Learning}
}

@incollection{hansen_CMAEvolutionStrategy_2006,
  title = {The {{CMA Evolution Strategy}}: {{A Comparing Review}}},
  shorttitle = {The {{CMA Evolution Strategy}}},
  booktitle = {Towards a {{New Evolutionary Computation}}: {{Advances}} in the {{Estimation}} of {{Distribution Algorithms}}},
  author = {Hansen, Nikolaus},
  editor = {Lozano, Jose A. and Larra\~naga, Pedro and Inza, I\~naki and Bengoetxea, Endika},
  date = {2006},
  series = {Studies in {{Fuzziness}} and {{Soft Computing}}},
  pages = {75--102},
  publisher = {{Springer}},
  location = {{Berlin, Heidelberg}},
  doi = {10.1007/3-540-32494-1_4},
  url = {https://doi.org/10.1007/3-540-32494-1_4},
  urldate = {2022-06-10},
  isbn = {978-3-540-32494-2},
  langid = {english},
  keywords = {Covariance Matrix,Distribution Algorithm,Evolution Path,Search Point,Step Length}
}

@software{harder_VRNNProject_2021,
  title = {{{VRNN Project}}},
  author = {Harder, Frederik},
  date = {2021-04-21T23:08:09Z},
  origdate = {2016-09-12T09:44:55Z},
  url = {https://github.com/frhrdr/vrnn},
  urldate = {2022-03-24}
}

@article{hazem_ComparisonSmoothingTechniques_,
  title = {A {{Comparison}} of {{Smoothing Techniques}} for {{Bilingual Lexicon Extraction}} from {{Comparable Corpora}}},
  author = {Hazem, Amir and Morin, Emmanuel},
  pages = {10},
  langid = {english},
  annotation = {ZSCC: 0000012}
}

@online{herkert_MultivariateTimeSeries_2022,
  title = {Multivariate {{Time Series Forecasting}} with {{Deep Learning}}},
  author = {Herkert, Daniel},
  date = {2022-01-07T19:40:53},
  url = {https://towardsdatascience.com/multivariate-time-series-forecasting-with-deep-learning-3e7b3e2d2bcf},
  urldate = {2022-02-02},
  langid = {english},
  organization = {{Medium}},
  annotation = {ZSCC: NoCitationData[s0]}
}

@incollection{hinton_PracticalGuideTraining_2012,
  title = {A {{Practical Guide}} to {{Training Restricted Boltzmann Machines}}},
  booktitle = {Neural {{Networks}}: {{Tricks}} of the {{Trade}}: {{Second Edition}}},
  author = {Hinton, Geoffrey E.},
  editor = {Montavon, Gr\'egoire and Orr, Genevi\`eve B. and M\"uller, Klaus-Robert},
  date = {2012},
  series = {Lecture {{Notes}} in {{Computer Science}}},
  pages = {599--619},
  publisher = {{Springer}},
  location = {{Berlin, Heidelberg}},
  doi = {10.1007/978-3-642-35289-8_32},
  url = {https://doi.org/10.1007/978-3-642-35289-8_32},
  urldate = {2021-10-13},
  isbn = {978-3-642-35289-8},
  langid = {english},
  keywords = {done,Hide Unit,Learning Rate,Reconstruction Error,Restrict Boltzmann Machine,Training Case},
  annotation = {ZSCC: NoCitationData[s0]}
}

@incollection{hitchcock_CausalModels_2020,
  ids = {hitchcock_CausalModels_2020a},
  title = {Causal {{Models}}},
  booktitle = {The {{Stanford Encyclopedia}} of {{Philosophy}}},
  author = {Hitchcock, Christopher},
  editor = {Zalta, Edward N.},
  date = {2020},
  edition = {Summer 2020},
  publisher = {{Metaphysics Research Lab, Stanford University}},
  url = {https://plato.stanford.edu/archives/sum2020/entries/causal-models/},
  urldate = {2022-02-10},
  annotation = {ZSCC: NoCitationData[s0]}
}

@article{hochreiter_LongShortTermMemory_1997,
  title = {Long {{Short-Term Memory}}},
  author = {Hochreiter, Sepp and Schmidhuber, J\"urgen},
  date = {1997-11-01},
  journaltitle = {Neural Computation},
  shortjournal = {Neural Comput.},
  volume = {9},
  number = {8},
  pages = {1735--1780},
  issn = {0899-7667},
  doi = {10.1162/neco.1997.9.8.1735},
  url = {https://doi.org/10.1162/neco.1997.9.8.1735},
  urldate = {2022-03-27}
}

@inproceedings{hompes_DiscoveringCausalFactors_2017,
  title = {Discovering {{Causal Factors Explaining Business Process Performance Variation}}},
  booktitle = {Advanced {{Information Systems Engineering}}},
  author = {Hompes, Bart F. A. and Maaradji, Abderrahmane and La Rosa, Marcello and Dumas, Marlon and Buijs, Joos C. A. M. and family=Aalst, given=Wil M. P., prefix=van der, useprefix=true},
  editor = {Dubois, Eric and Pohl, Klaus},
  date = {2017},
  series = {Lecture {{Notes}} in {{Computer Science}}},
  pages = {177--192},
  publisher = {{Springer International Publishing}},
  location = {{Cham}},
  doi = {10.1007/978-3-319-59536-8_12},
  isbn = {978-3-319-59536-8},
  langid = {english},
  keywords = {Performance analysis,Process mining,Root cause analysis},
  annotation = {ZSCC: NoCitationData[s0]}
}

@software{hr_mrhazVRNN_2019,
  title = {Mrhaz/{{VRNN}}},
  author = {HR},
  date = {2019-06-10T04:39:35Z},
  origdate = {2016-11-08T06:44:17Z},
  url = {https://github.com/mrhaz/VRNN},
  urldate = {2022-03-24}
}

@inproceedings{hsieh_DiCE4ELInterpretingProcess_2021,
  ids = {hsieh_DiCE4ELInterpretingProcess_2021a},
  title = {{{DiCE4EL}}: {{Interpreting Process Predictions}} Using a {{Milestone-Aware Counterfactual Approach}}},
  shorttitle = {{{DiCE4EL}}},
  booktitle = {2021 3rd {{International Conference}} on {{Process Mining}} ({{ICPM}})},
  author = {Hsieh, Chihcheng and Moreira, Catarina and Ouyang, Chun},
  date = {2021-10-31},
  pages = {88--95},
  publisher = {{IEEE}},
  location = {{Eindhoven, Netherlands}},
  doi = {10.1109/ICPM53251.2021.9576881},
  url = {https://ieeexplore.ieee.org/document/9576881/},
  urldate = {2021-11-04},
  eventtitle = {2021 3rd {{International Conference}} on {{Process Mining}} ({{ICPM}})},
  isbn = {978-1-66543-514-7},
  langid = {english},
  keywords = {Counterfactual,done,explainable AI,hot,interpretability,Machine learning,Machine learning algorithms,Prediction algorithms,Predictive models,predictive process analytics,Protocols,Search problems,Training},
  annotation = {ZSCC: 0000001}
}

@article{ismailfawaz_Deeplearningtime_2019,
  title = {Deep Learning for Time Series Classification: A Review},
  shorttitle = {Deep Learning for Time Series Classification},
  author = {Ismail Fawaz, Hassan and Forestier, Germain and Weber, Jonathan and Idoumghar, Lhassane and Muller, Pierre-Alain},
  date = {2019-07-01},
  journaltitle = {Data Mining and Knowledge Discovery},
  shortjournal = {Data Min Knowl Disc},
  volume = {33},
  number = {4},
  pages = {917--963},
  issn = {1573-756X},
  doi = {10.1007/s10618-019-00619-1},
  url = {https://doi.org/10.1007/s10618-019-00619-1},
  urldate = {2022-02-20},
  langid = {english},
  annotation = {ZSCC: 0001247}
}

@unpublished{jain_AttentionnotExplanation_2019,
  title = {Attention Is Not {{Explanation}}},
  author = {Jain, Sarthak and Wallace, Byron C.},
  date = {2019-05-08},
  eprint = {1902.10186},
  eprinttype = {arxiv},
  primaryclass = {cs},
  url = {http://arxiv.org/abs/1902.10186},
  urldate = {2021-09-23},
  archiveprefix = {arXiv},
  keywords = {Computer Science - Artificial Intelligence,Computer Science - Computation and Language},
  annotation = {ZSCC: 0000467}
}

@article{jiang_Combiningembeddingbasedsymbolbased_2022a,
  ids = {jiang_Combiningembeddingbasedsymbolbased_2022},
  title = {Combining Embedding-Based and Symbol-Based Methods for Entity Alignment},
  author = {Jiang, Tingting and Bu, Chenyang and Zhu, Yi and Wu, Xindong},
  date = {2022-04-01},
  journaltitle = {Pattern Recognition},
  shortjournal = {Pattern Recognition},
  volume = {124},
  pages = {108433},
  issn = {0031-3203},
  doi = {10.1016/j.patcog.2021.108433},
  url = {https://www.sciencedirect.com/science/article/pii/S0031320321006099},
  urldate = {2022-04-22},
  langid = {english},
  keywords = {Entity alignment,Knowledge graph embedding,String Similarity}
}

@online{jing_musthavetrainingtrick_2021,
  title = {A Must-Have Training Trick for {{VAE}}(Variational Autoencoder)},
  author = {Jing, Cheng},
  date = {2021-11-07T06:34:31},
  url = {https://medium.com/mlearning-ai/a-must-have-training-trick-for-vae-variational-autoencoder-d28ff53b0023},
  urldate = {2022-02-08},
  langid = {english},
  organization = {{MLearning.ai}},
  annotation = {ZSCC: NoCitationData[s0]}
}

@article{Jokinen19961439,
  title = {A Comparison of Approximate String Matching Algorithms},
  author = {Jokinen, P. and Tarhio, J. and Ukkonen, E.},
  date = {1996},
  journaltitle = {Software - Practice and Experience},
  volume = {26},
  number = {12},
  pages = {1439--1458},
  doi = {10.1002/(SICI)1097-024X(199612)26:12<1439::AID-SPE71>3.0.CO;2-1},
  url = {https://www.scopus.com/inward/record.uri?eid=2-s2.0-0030412523&doi=10.1002%2f%28SICI%291097-024X%28199612%2926%3a12%3c1439%3a%3aAID-SPE71%3e3.0.CO%3b2-1&partnerID=40&md5=e0cdcbe70bf5875c984ffbfb7e3f7fd8},
  document_type = {Review},
  source = {Scopus}
}

@unpublished{jozefowicz_ExploringLimitsLanguage_2016,
  title = {Exploring the {{Limits}} of {{Language Modeling}}},
  author = {Jozefowicz, Rafal and Vinyals, Oriol and Schuster, Mike and Shazeer, Noam and Wu, Yonghui},
  date = {2016-02-11},
  eprint = {1602.02410},
  eprinttype = {arxiv},
  primaryclass = {cs},
  url = {http://arxiv.org/abs/1602.02410},
  urldate = {2021-10-18},
  archiveprefix = {arXiv},
  keywords = {Computer Science - Computation and Language,done},
  annotation = {ZSCC: 0000982}
}

@article{jurafsky_SpeechLanguageProcessing_,
  title = {Speech and {{Language Processing}}},
  author = {Jurafsky, Daniel and Martin, James H and Norvig, Peter and Russell, Stuart},
  pages = {561},
  langid = {english},
  annotation = {ZSCC: NoCitationData[s1]}
}

@article{kalman_NewApproachLinear_1960,
  title = {A {{New Approach}} to {{Linear Filtering}} and {{Prediction Problems}}},
  author = {Kalman, Rudolph Emil},
  date = {1960},
  journaltitle = {Transactions of the ASME\textendash Journal of Basic Engineering},
  volume = {82},
  pages = {35--45},
  issue = {Series D},
  keywords = {hot},
  annotation = {ZSCC: 0038460}
}

@inproceedings{karimi_ModelAgnosticCounterfactualExplanations_2020,
  title = {Model-{{Agnostic Counterfactual Explanations}} for {{Consequential Decisions}}},
  booktitle = {International {{Conference}} on {{Artificial Intelligence}} and {{Statistics}}},
  author = {Karimi, Amir-Hossein and Barthe, Gilles and Balle, Borja and Valera, Isabel},
  date = {2020-06-03},
  pages = {895--905},
  publisher = {{PMLR}},
  issn = {2640-3498},
  url = {https://proceedings.mlr.press/v108/karimi20a.html},
  urldate = {2021-09-09},
  eventtitle = {International {{Conference}} on {{Artificial Intelligence}} and {{Statistics}}},
  langid = {english},
  keywords = {irrelevant},
  annotation = {ZSCC: 0000071}
}

@article{kerremans_Marketguideprocess_2019,
  title = {Market Guide for Process Mining},
  author = {Kerremans, Marc},
  date = {2019},
  journaltitle = {Gartner Inc},
  shortjournal = {Gartner Inc},
  annotation = {ZSCC: 0000017}
}

@article{khaleghi_ConsistentAlgorithmsClustering_2016,
  title = {Consistent {{Algorithms}} for {{Clustering Time Series}}},
  author = {Khaleghi, Azadeh and Ryabko, Daniil and Mary, J\'er\'emie and Preux, Philippe},
  date = {2016},
  journaltitle = {Journal of Machine Learning Research},
  volume = {17},
  number = {3},
  pages = {1--32},
  issn = {1533-7928},
  url = {http://jmlr.org/papers/v17/khaleghi16a.html},
  urldate = {2022-02-02},
  keywords = {skimmed},
  annotation = {ZSCC: 0000049}
}

@unpublished{kingma_AutoEncodingVariationalBayes_2014,
  ids = {kingma_AutoEncodingVariationalBayes_2014a},
  title = {Auto-{{Encoding Variational Bayes}}},
  author = {Kingma, Diederik P. and Welling, Max},
  date = {2014-05-01},
  eprint = {1312.6114},
  eprinttype = {arxiv},
  primaryclass = {cs, stat},
  publisher = {{Ithaca, NYarXiv.org}},
  url = {https://dare.uva.nl/search?identifier=cf65ba0f-d88f-4a49-8ebd-3a7fce86edd7},
  urldate = {2022-02-24},
  archiveprefix = {arXiv},
  langid = {english},
  keywords = {Computer Science - Machine Learning,Statistics - Machine Learning},
  annotation = {ZSCC: 0018901}
}

@article{kingma_IntroductionVariationalAutoencoders_2019,
  ids = {kingma_IntroductionVariationalAutoencoders_2019a},
  title = {An {{Introduction}} to {{Variational Autoencoders}}},
  author = {Kingma, Diederik P. and Welling, Max},
  date = {2019-11-27},
  journaltitle = {Foundations and Trends\textregistered{} in Machine Learning},
  shortjournal = {MAL},
  volume = {12},
  number = {4},
  pages = {307--392},
  publisher = {{Now Publishers, Inc.}},
  issn = {1935-8237, 1935-8245},
  doi = {10.1561/2200000056},
  url = {http://arxiv.org/abs/1906.02691},
  urldate = {2022-03-02},
  langid = {english},
  keywords = {Computer Science - Machine Learning,Statistics - Machine Learning,tutorial},
  annotation = {ZSCC: 0000697}
}

@unpublished{klimek_Longtermseriesforecasting_2021,
  ids = {klimek_LongtermSeriesForecasting_2021a},
  title = {Long-Term Series Forecasting with {{Query Selector}} -- Efficient Model of Sparse Attention},
  author = {Klimek, Jacek and Klimek, Jakub and Kraskiewicz, Witold and Topolewski, Mateusz},
  date = {2021-08-17},
  eprint = {2107.08687},
  eprinttype = {arxiv},
  primaryclass = {cs},
  url = {http://arxiv.org/abs/2107.08687},
  urldate = {2021-11-09},
  archiveprefix = {arXiv},
  version = {2},
  keywords = {Code Available,Computer Science - Machine Learning},
  annotation = {ZSCC: 0000001}
}

@inproceedings{koorn_LookingMeaningDiscovering_2020,
  title = {Looking for {{Meaning}}: {{Discovering Action-Response-Effect Patterns}} in~{{Business Processes}}},
  shorttitle = {Looking for {{Meaning}}},
  booktitle = {Business {{Process Management}}},
  author = {Koorn, Jelmer J. and Lu, Xixi and Leopold, Henrik and Reijers, Hajo A.},
  editor = {Fahland, Dirk and Ghidini, Chiara and Becker, J\"org and Dumas, Marlon},
  date = {2020},
  series = {Lecture {{Notes}} in {{Computer Science}}},
  pages = {167--183},
  publisher = {{Springer International Publishing}},
  location = {{Cham}},
  doi = {10.1007/978-3-030-58666-9_10},
  isbn = {978-3-030-58666-9},
  langid = {english},
  keywords = {Effect measurement,Healthcare,Patterns,Process discovery},
  annotation = {ZSCC: NoCitationData[s0]}
}

@online{kostadinov_UnderstandingEncoderDecoderSequence_2019,
  title = {Understanding {{Encoder-Decoder Sequence}} to {{Sequence Model}}},
  author = {Kostadinov, Simeon},
  date = {2019-11-10T11:12:59},
  url = {https://towardsdatascience.com/understanding-encoder-decoder-sequence-to-sequence-model-679e04af4346},
  urldate = {2021-09-23},
  langid = {english},
  organization = {{Medium}},
  keywords = {blog},
  annotation = {ZSCC: 0000012}
}

@inproceedings{krause_InteractingPredictionsVisual_2016,
  title = {Interacting with {{Predictions}}: {{Visual Inspection}} of {{Black-box Machine Learning Models}}},
  shorttitle = {Interacting with {{Predictions}}},
  booktitle = {Proceedings of the 2016 {{CHI Conference}} on {{Human Factors}} in {{Computing Systems}}},
  author = {Krause, Josua and Perer, Adam and Ng, Kenney},
  date = {2016-05-07},
  series = {{{CHI}} '16},
  pages = {5686--5697},
  publisher = {{Association for Computing Machinery}},
  location = {{New York, NY, USA}},
  doi = {10.1145/2858036.2858529},
  url = {https://doi.org/10.1145/2858036.2858529},
  urldate = {2022-02-26},
  isbn = {978-1-4503-3362-7},
  keywords = {interactive machine learning,partial dependence,predictive modeling},
  annotation = {ZSCC: 0000326}
}

@unpublished{krishnan_StructuredInferenceNetworks_2016,
  title = {Structured {{Inference Networks}} for {{Nonlinear State Space Models}}},
  author = {Krishnan, Rahul G. and Shalit, Uri and Sontag, David},
  date = {2016-12-05},
  eprint = {1609.09869},
  eprinttype = {arxiv},
  primaryclass = {cs, stat},
  url = {http://arxiv.org/abs/1609.09869},
  urldate = {2022-02-02},
  archiveprefix = {arXiv},
  version = {2},
  keywords = {Computer Science - Artificial Intelligence,Computer Science - Machine Learning,Statistics - Machine Learning},
  annotation = {ZSCC: NoCitationData[s0]}
}

@article{krishnan_StructuredInferenceNetworks_2017,
  title = {Structured {{Inference Networks}} for {{Nonlinear State Space Models}}},
  author = {Krishnan, Rahul and Shalit, Uri and Sontag, David},
  date = {2017-02-13},
  journaltitle = {Proceedings of the AAAI Conference on Artificial Intelligence},
  volume = {31},
  number = {1},
  issn = {2374-3468},
  url = {https://ojs.aaai.org/index.php/AAAI/article/view/10779},
  urldate = {2022-02-22},
  issue = {1},
  langid = {english},
  keywords = {Hidden Markov Models,hot,M2M,named_model,skimmed},
  annotation = {ZSCC: 0000321}
}

@online{kubler_extensibleEvolutionaryAlgorithm_2021,
  title = {An Extensible {{Evolutionary Algorithm Example}} in {{Python}}},
  author = {K\"ubler, Dr Robert},
  date = {2021-08-13T10:02:19},
  url = {https://towardsdatascience.com/an-extensible-evolutionary-algorithm-example-in-python-7372c56a557b},
  urldate = {2022-02-08},
  langid = {english},
  organization = {{Medium}},
  annotation = {ZSCC: NoCitationData[s0]}
}

@inproceedings{lambora_GeneticAlgorithmLiterature_2019,
  title = {Genetic {{Algorithm- A Literature Review}}},
  booktitle = {2019 {{International Conference}} on {{Machine Learning}}, {{Big Data}}, {{Cloud}} and {{Parallel Computing}} ({{COMITCon}})},
  author = {Lambora, Annu and Gupta, Kunal and Chopra, Kriti},
  date = {2019-02},
  pages = {380--384},
  doi = {10.1109/COMITCon.2019.8862255},
  eventtitle = {2019 {{International Conference}} on {{Machine Learning}}, {{Big Data}}, {{Cloud}} and {{Parallel Computing}} ({{COMITCon}})},
  keywords = {Biological cells,Crossover,Encoding,Genetic Algorithm,Genetic algorithms,Genetics,Inheritance,Mutation,Optimization,Selection,Sociology,Statistics}
}

@unpublished{lea_TemporalConvolutionalNetworks_2016,
  title = {Temporal {{Convolutional Networks}}: {{A Unified Approach}} to {{Action Segmentation}}},
  shorttitle = {Temporal {{Convolutional Networks}}},
  author = {Lea, Colin and Vidal, Rene and Reiter, Austin and Hager, Gregory D.},
  date = {2016-08-29},
  eprint = {1608.08242},
  eprinttype = {arxiv},
  primaryclass = {cs},
  url = {http://arxiv.org/abs/1608.08242},
  urldate = {2021-10-19},
  archiveprefix = {arXiv},
  keywords = {Computer Science - Computer Vision and Pattern Recognition},
  annotation = {ZSCC: 0000276}
}

@incollection{lee_CounterFactualReinforcementLearning_2013,
  title = {Counter-{{Factual Reinforcement Learning}}: {{How}} to {{Model Decision-Makers That Anticipate}} the {{Future}}},
  shorttitle = {Counter-{{Factual Reinforcement Learning}}},
  booktitle = {Decision {{Making}} and {{Imperfection}}},
  author = {Lee, Ritchie and Wolpert, David H. and Bono, James and Backhaus, Scott and Bent, Russell and Tracey, Brendan},
  editor = {Guy, Tatiana V. and Karny, Miroslav and Wolpert, David},
  date = {2013},
  series = {Studies in {{Computational Intelligence}}},
  pages = {101--128},
  publisher = {{Springer}},
  location = {{Berlin, Heidelberg}},
  doi = {10.1007/978-3-642-36406-8_4},
  url = {https://doi.org/10.1007/978-3-642-36406-8_4},
  urldate = {2021-09-28},
  isbn = {978-3-642-36406-8},
  langid = {english},
  keywords = {irrelevant,Power Grid,Reactive Power,Reinforcement Learning,Reward Function,Solution Concept},
  annotation = {ZSCC: NoCitationData[s0]}
}

@online{lee_TensorflowImplementingTemporal_2019,
  title = {[{{Tensorflow}}] {{Implementing Temporal Convolutional Networks}}},
  author = {Lee, Ceshine},
  date = {2019-03-14T03:15:35},
  url = {https://medium.com/the-artificial-impostor/notes-understanding-tensorflow-part-3-7f6633fcc7c7},
  urldate = {2021-10-18},
  langid = {english},
  organization = {{Veritable}},
  annotation = {ZSCC: NoCitationData[s0]}
}

@incollection{leemans_EarthMoversStochastic_2019,
  title = {Earth {{Movers}}' {{Stochastic Conformance Checking}}},
  booktitle = {Business {{Process Management Forum}}},
  author = {Leemans, Sander J. J. and Syring, Anja F. and family=Aalst, given=Wil M. P., prefix=van der, useprefix=true},
  editor = {Hildebrandt, Thomas and family=Dongen, given=Boudewijn F., prefix=van, useprefix=true and R\"oglinger, Maximilian and Mendling, Jan},
  date = {2019},
  series = {Lecture {{Notes}} in {{Business Information Processing}}},
  volume = {360},
  pages = {127--143},
  publisher = {{Springer International Publishing}},
  location = {{Cham}},
  doi = {10.1007/978-3-030-26643-1_8},
  url = {http://link.springer.com/10.1007/978-3-030-26643-1_8},
  urldate = {2022-02-04},
  isbn = {978-3-030-26642-4 978-3-030-26643-1},
  langid = {english},
  annotation = {ZSCC: NoCitationData[s0]}
}

@unpublished{leglaive_RecurrentVariationalAutoencoder_2020,
  title = {A {{Recurrent Variational Autoencoder}} for {{Speech Enhancement}}},
  author = {Leglaive, Simon and Alameda-Pineda, Xavier and Girin, Laurent and Horaud, Radu},
  date = {2020-02-10},
  eprint = {1910.10942},
  eprinttype = {arxiv},
  primaryclass = {cs, eess},
  url = {http://arxiv.org/abs/1910.10942},
  urldate = {2022-02-07},
  archiveprefix = {arXiv},
  keywords = {Computer Science - Artificial Intelligence,Computer Science - Machine Learning,Computer Science - Neural and Evolutionary Computing,Computer Science - Sound,Electrical Engineering and Systems Science - Audio and Speech Processing,hot,named_model},
  annotation = {ZSCC: 0000023}
}

@article{lempa_SurveyUseGenetic_2016,
  ids = {lempa2010survey},
  title = {A {{Survey}} on the {{Use}} of {{Genetic Algorithms}} in {{Natural Language Processing}}},
  author = {Lempa, Pawel and Ptaszynski, Michal and Masui, Fumito},
  date = {2016},
  journaltitle = {Advanced Robotics},
  volume = {24},
  number = {5-6},
  pages = {2},
  langid = {english},
  keywords = {dialogue systems,done,irrelevant,language generation,machine translation,review}
}

@online{lendave_HowMultivariateTime_2021,
  title = {How {{To Do Multivariate Time Series Forecasting Using LSTM}}},
  author = {Lendave, Vijaysinh},
  date = {2021-07-11T12:30:00+00:00},
  url = {https://analyticsindiamag.com/how-to-do-multivariate-time-series-forecasting-using-lstm/},
  urldate = {2021-11-09},
  langid = {american},
  organization = {{Analytics India Magazine}},
  annotation = {ZSCC: NoCitationData[s0]}
}

@article{levenshtein_Binarycodescapable_1965,
  title = {Binary Codes Capable of Correcting Deletions, Insertions, and Reversals},
  author = {Levenshtein, V.},
  date = {1965},
  journaltitle = {undefined},
  url = {https://www.semanticscholar.org/paper/Binary-codes-capable-of-correcting-deletions%2C-and-Levenshtein/b2f8876482c97e804bb50a5e2433881ae31d0cdd},
  urldate = {2022-04-15},
  langid = {english}
}

@unpublished{li_DisentangledSequentialAutoencoder_2018,
  title = {Disentangled {{Sequential Autoencoder}}},
  author = {Li, Yingzhen and Mandt, Stephan},
  date = {2018-06-12},
  eprint = {1803.02991},
  eprinttype = {arxiv},
  primaryclass = {cs},
  url = {http://arxiv.org/abs/1803.02991},
  urldate = {2022-02-07},
  archiveprefix = {arXiv},
  keywords = {Computer Science - Machine Learning,hot,M2M,named_model},
  annotation = {ZSCC: 0000087}
}

@unpublished{liu_SurveyContextualEmbeddings_2020,
  title = {A {{Survey}} on {{Contextual Embeddings}}},
  author = {Liu, Qi and Kusner, Matt J. and Blunsom, Phil},
  date = {2020-04-13},
  eprint = {2003.07278},
  eprinttype = {arxiv},
  primaryclass = {cs},
  url = {http://arxiv.org/abs/2003.07278},
  urldate = {2021-09-30},
  archiveprefix = {arXiv},
  keywords = {Computer Science - Artificial Intelligence,Computer Science - Computation and Language,Computer Science - Machine Learning},
  annotation = {ZSCC: 0000036}
}

@inproceedings{m.k_SurveySimilarityMeasures_2016,
  title = {A {{Survey}} on {{Similarity Measures}} in {{Text Mining}}},
  author = {M.K, Vijaymeena and Kavitha, K.},
  date = {2016},
  doi = {10.5121/MLAIJ.2016.3103},
  keywords = {irrelevant},
  annotation = {ZSCC: 0000183}
}

@inproceedings{malik_AdvOLMGeneratingTextual_2021,
  title = {Adv-{{OLM}}: {{Generating Textual Adversaries}} via {{OLM}}},
  shorttitle = {Adv-{{OLM}}},
  booktitle = {Proceedings of the 16th {{Conference}} of the {{European Chapter}} of the {{Association}} for {{Computational Linguistics}}: {{Main Volume}}},
  author = {Malik, Vijit and Bhat, Ashwani and Modi, Ashutosh},
  date = {2021-04},
  pages = {841--849},
  publisher = {{Association for Computational Linguistics}},
  location = {{Online}},
  url = {https://aclanthology.org/2021.eacl-main.71},
  urldate = {2021-09-03},
  eventtitle = {{{EACL}} 2021},
  keywords = {Pertubations,Supervised},
  annotation = {ZSCC: 0000002}
}

@software{malteos_AwesomeDocumentSimilarity_2021,
  title = {Awesome {{Document Similarity Measures}}},
  author = {{malteos}},
  date = {2021-12-16T11:10:18Z},
  origdate = {2019-10-04T08:44:11Z},
  url = {https://github.com/malteos/awesome-document-similarity},
  urldate = {2021-12-17},
  annotation = {ZSCC: NoCitationData[s0]}
}

@article{mannhardt_Analyzingtrajectoriespatients_2017,
  title = {Analyzing the Trajectories of Patients with Sepsis Using Process Mining: {{RADAR}} + {{EMISA}} 2017},
  shorttitle = {Analyzing the Trajectories of Patients with Sepsis Using Process Mining},
  author = {Mannhardt, F. and Blinde, D.},
  date = {2017},
  journaltitle = {RADAR+EMISA 2017, Essen, Germany, June 12-13, 2017},
  series = {{{CEUR Workshop Proceedings}}},
  pages = {72--80},
  publisher = {{CEUR-WS.org}},
  url = {http://www.scopus.com/inward/record.url?scp=85022001209&partnerID=8YFLogxK},
  urldate = {2022-04-22},
  keywords = {Medical guidelines,Patient trajectories,Process mining}
}

@article{manzoni_evolutionarybasedapproachnatural_2020,
  title = {Towards an Evolutionary-Based Approach for Natural Language Processing},
  author = {Manzoni, Luca and Jakobovic, Domagoj and Mariot, Luca and Picek, Stjepan and Castelli, Mauro},
  date = {2020-04-23},
  doi = {10.48550/arXiv.2004.13832},
  url = {https://arxiv.org/abs/2004.13832v1},
  urldate = {2022-05-07},
  langid = {english},
  keywords = {Genetic programming,irrelevant}
}

@article{marcus_Buildinglargeannotated_1993,
  title = {Building a Large Annotated Corpus of {{English}}: The Penn Treebank},
  shorttitle = {Building a Large Annotated Corpus of {{English}}},
  author = {Marcus, Mitchell P. and Marcinkiewicz, Mary Ann and Santorini, Beatrice},
  date = {1993-06-01},
  journaltitle = {Computational Linguistics},
  shortjournal = {Comput. Linguist.},
  volume = {19},
  number = {2},
  pages = {313--330},
  issn = {0891-2017}
}

@article{martens_Explainingdatadrivendocument_2014,
  title = {Explaining Data-Driven Document Classifications},
  author = {Martens, David and Provost, Foster},
  date = {2014-03-01},
  journaltitle = {MIS Quarterly},
  shortjournal = {MIS Q.},
  volume = {38},
  number = {1},
  pages = {73--100},
  issn = {0276-7783},
  doi = {10.25300/MISQ/2014/38.1.04},
  url = {https://doi.org/10.25300/MISQ/2014/38.1.04},
  urldate = {2022-02-26},
  keywords = {comprehensibility,document classification,instance level explanation,text mining},
  annotation = {ZSCC: 0000232}
}

@inproceedings{mattei_LeveragingExactLikelihood_2018,
  title = {Leveraging the {{Exact Likelihood}} of {{Deep Latent Variable Models}}},
  booktitle = {Advances in {{Neural Information Processing Systems}}},
  author = {Mattei, Pierre-Alexandre and Frellsen, Jes},
  date = {2018},
  volume = {31},
  publisher = {{Curran Associates, Inc.}},
  url = {https://papers.nips.cc/paper/2018/hash/0609154fa35b3194026346c9cac2a248-Abstract.html},
  urldate = {2022-02-24},
  annotation = {ZSCC: 0000035}
}

@software{mccolgan_tensorflowvrnn_2021,
  title = {Tensorflow-Vrnn},
  author = {McColgan, Thomas},
  date = {2021-08-20T18:26:14Z},
  origdate = {2016-10-22T16:56:40Z},
  url = {https://github.com/phreeza/tensorflow-vrnn},
  urldate = {2022-03-24},
  keywords = {done,hot}
}

@article{meena_EvolutionaryAlgorithmsExtractive_2015,
  title = {Evolutionary {{Algorithms}} for {{Extractive Automatic Text Summarization}}},
  author = {Meena, Yogesh Kumar and Gopalani, Dinesh},
  date = {2015-01-01},
  journaltitle = {Procedia Computer Science},
  shortjournal = {Procedia Computer Science},
  series = {International {{Conference}} on {{Computer}}, {{Communication}} and {{Convergence}} ({{ICCC}} 2015)},
  volume = {48},
  pages = {244--249},
  issn = {1877-0509},
  doi = {10.1016/j.procs.2015.04.177},
  url = {https://www.sciencedirect.com/science/article/pii/S1877050915006869},
  urldate = {2022-05-07},
  langid = {english},
  keywords = {Evolutionary,Extractive,Features,Genetic,irrelevant,Summarization,Term Frequency,text summarisation,Weights}
}

@unpublished{melnyk_ImprovedNeuralText_2017,
  title = {Improved {{Neural Text Attribute Transfer}} with {{Non-parallel Data}}},
  author = {Melnyk, Igor and family=Santos, given=Cicero Nogueira, prefix=dos, useprefix=false and Wadhawan, Kahini and Padhi, Inkit and Kumar, Abhishek},
  date = {2017-12-04},
  eprint = {1711.09395},
  eprinttype = {arxiv},
  primaryclass = {cs},
  url = {http://arxiv.org/abs/1711.09395},
  urldate = {2022-02-28},
  archiveprefix = {arXiv},
  keywords = {Computer Science - Artificial Intelligence,Computer Science - Computation and Language,Computer Science - Machine Learning},
  annotation = {ZSCC: 0000019}
}

@inproceedings{michel_EvaluationAdversarialPerturbations_2019,
  title = {On {{Evaluation}} of {{Adversarial Perturbations}} for {{Sequence-to-Sequence Models}}},
  booktitle = {Proceedings of the 2019 {{Conference}} of the {{North American Chapter}} of the {{Association}} for {{Computational Linguistics}}: {{Human Language Technologies}}, {{Volume}} 1 ({{Long}} and {{Short Papers}})},
  author = {Michel, Paul and Li, Xian and Neubig, Graham and Pino, Juan},
  date = {2019-06},
  pages = {3103--3114},
  publisher = {{Association for Computational Linguistics}},
  location = {{Minneapolis, Minnesota}},
  doi = {10.18653/v1/N19-1314},
  url = {https://aclanthology.org/N19-1314},
  urldate = {2021-09-03},
  eventtitle = {{{NAACL-HLT}} 2019},
  keywords = {Evaluation,irrelevant},
  annotation = {ZSCC: 0000061}
}

@article{Mitton20101,
  title = {Fifty Years of Spellchecking},
  author = {Mitton, R.},
  date = {2010},
  journaltitle = {Writing Systems Research},
  volume = {2},
  number = {1},
  pages = {1--7},
  doi = {10.1093/wsr/wsq004},
  url = {https://www.scopus.com/inward/record.uri?eid=2-s2.0-78649452350&doi=10.1093%2fwsr%2fwsq004&partnerID=40&md5=5b9a37202101a18bb4b78b7cdbebc52c},
  document_type = {Review},
  source = {Scopus}
}

@online{mollaysa_Summaryrecurrentlatent_2020,
  title = {Summary of the Recurrent Latent Variable Model: {{VRNN}}},
  shorttitle = {Summary of the Recurrent Latent Variable Model},
  author = {Mollaysa, Amina},
  date = {2020-04-10T07:59:23},
  url = {https://medium.com/@aminamollaysa/summary-of-the-recurrent-latent-variable-model-vrnn-4096b52e731},
  urldate = {2022-03-24},
  langid = {english},
  organization = {{Medium}}
}

@book{molnar_AdversarialExamplesInterpretable_,
  title = {6.2 {{Adversarial Examples}} | {{Interpretable Machine Learning}}},
  author = {Molnar, Christoph},
  url = {https://christophm.github.io/interpretable-ml-book/adversarial.html},
  urldate = {2021-09-09},
  annotation = {ZSCC: NoCitationData[s0]}
}

@book{molnar_ChapterExampleBasedExplanations_,
  title = {Chapter 6 {{Example-Based Explanations}} | {{Interpretable Machine Learning}}},
  author = {Molnar, Christoph},
  url = {https://christophm.github.io/interpretable-ml-book/example-based.html},
  urldate = {2021-09-09},
  annotation = {ZSCC: NoCitationData[s0]}
}

@incollection{molnar_CounterfactualExplanations_,
  title = {Counterfactual {{Explanations}}},
  booktitle = {Interpretable Machine Learning. {{A Guide}} for {{Making Black Box Models Explainable}}},
  author = {Molnar, Christoph and Dandl, Susanne},
  url = {https://christophm.github.io/interpretable-ml-book/counterfactual.html},
  langid = {english}
}

@book{molnar_CounterfactualExplanationsInterpretable_,
  title = {6.1 {{Counterfactual Explanations}} | {{Interpretable Machine Learning}}},
  author = {Molnar, Christoph},
  url = {https://christophm.github.io/interpretable-ml-book/counterfactual.html},
  urldate = {2021-09-08},
  keywords = {XAI},
  annotation = {ZSCC: NoCitationData[s0]}
}

@book{molnar_InfluentialInstancesInterpretable_,
  title = {6.4 {{Influential Instances}} | {{Interpretable Machine Learning}}},
  author = {Molnar, Christoph},
  url = {https://christophm.github.io/interpretable-ml-book/influential.html},
  urldate = {2021-09-09},
  annotation = {ZSCC: NoCitationData[s0]}
}

@book{molnar_PrototypesCriticismsInterpretable_,
  title = {6.3 {{Prototypes}} and {{Criticisms}} | {{Interpretable Machine Learning}}},
  author = {Molnar, Christoph},
  url = {https://christophm.github.io/interpretable-ml-book/proto.html},
  urldate = {2021-09-09},
  annotation = {ZSCC: NoCitationData[s0]}
}

@book{molnar2019,
  ids = {molnar_InterpretableMachineLearning_},
  title = {Interpretable Machine Learning. {{A Guide}} for {{Making Black Box Models Explainable}}},
  author = {Molnar, Christoph},
  date = {2019},
  url = {https://christophm.github.io/interpretable-ml-book/},
  langid = {english},
  annotation = {ZSCC: 0001930}
}

@inproceedings{mothilal_Explainingmachinelearning_2020,
  title = {Explaining Machine Learning Classifiers through Diverse Counterfactual Explanations},
  booktitle = {Proceedings of the 2020 {{Conference}} on {{Fairness}}, {{Accountability}}, and {{Transparency}}},
  author = {Mothilal, Ramaravind K. and Sharma, Amit and Tan, Chenhao},
  date = {2020-01-27},
  series = {{{FAT}}* '20},
  pages = {607--617},
  publisher = {{Association for Computing Machinery}},
  location = {{New York, NY, USA}},
  doi = {10.1145/3351095.3372850},
  url = {https://doi.org/10.1145/3351095.3372850},
  urldate = {2022-03-07},
  isbn = {978-1-4503-6936-7},
  annotation = {ZSCC: 0000268}
}

@inproceedings{narendra_CounterfactualReasoningProcess_2019,
  title = {Counterfactual {{Reasoning}} for {{Process Optimization Using Structural Causal Models}}},
  booktitle = {Business {{Process Management Forum}}},
  author = {Narendra, Tanmayee and Agarwal, Prerna and Gupta, Monika and Dechu, Sampath},
  editor = {Hildebrandt, Thomas and family=Dongen, given=Boudewijn F., prefix=van, useprefix=true and R\"oglinger, Maximilian and Mendling, Jan},
  date = {2019},
  series = {Lecture {{Notes}} in {{Business Information Processing}}},
  pages = {91--106},
  publisher = {{Springer International Publishing}},
  location = {{Cham}},
  doi = {10.1007/978-3-030-26643-1_6},
  isbn = {978-3-030-26643-1},
  langid = {english},
  keywords = {Counterfactual reasoning,Process optimization,Process redesign,Structural causal model,What-if analysis},
  annotation = {ZSCC: NoCitationData[s0]}
}

@unpublished{naumann_ConsequenceawareSequentialCounterfactual_2021,
  title = {Consequence-Aware {{Sequential Counterfactual Generation}}},
  author = {Naumann, Philip and Ntoutsi, Eirini},
  date = {2021},
  volume = {12976},
  eprint = {2104.05592},
  eprinttype = {arxiv},
  primaryclass = {cs},
  pages = {682--698},
  doi = {10.1007/978-3-030-86520-7_42},
  url = {http://arxiv.org/abs/2104.05592},
  urldate = {2022-02-08},
  archiveprefix = {arXiv},
  keywords = {Computer Science - Artificial Intelligence,Computer Science - Machine Learning,hot},
  annotation = {ZSCC: 0000001}
}

@article{neuberg_CAUSALITYMODELSREASONING_2003,
  title = {{{CAUSALITY}}: {{MODELS}}, {{REASONING}}, {{AND INFERENCE}}, by {{Judea Pearl}}, {{Cambridge University Press}}, 2000},
  shorttitle = {{{CAUSALITY}}},
  author = {Neuberg, Leland Gerson},
  date = {2003-08},
  journaltitle = {Econometric Theory},
  volume = {19},
  number = {4},
  pages = {675--685},
  publisher = {{Cambridge University Press}},
  issn = {1469-4360, 0266-4666},
  doi = {10.1017/S0266466603004109},
  url = {http://www.cambridge.org/core/journals/econometric-theory/article/causality-models-reasoning-and-inference-by-judea-pearl-cambridge-university-press-2000/DA2D9ABB0AD3DAC95AE7B3081FCDF139},
  urldate = {2022-04-21},
  langid = {english}
}

@inproceedings{nolle_BINetMultivariateBusiness_2018,
  title = {{{BINet}}: {{Multivariate Business Process Anomaly Detection Using Deep Learning}}},
  shorttitle = {{{BINet}}},
  booktitle = {Business {{Process Management}}},
  author = {Nolle, Timo and Seeliger, Alexander and M\"uhlh\"auser, Max},
  editor = {Weske, Mathias and Montali, Marco and Weber, Ingo and family=Brocke, given=Jan, prefix=vom, useprefix=true},
  date = {2018},
  series = {Lecture {{Notes}} in {{Computer Science}}},
  pages = {271--287},
  publisher = {{Springer International Publishing}},
  location = {{Cham}},
  doi = {10.1007/978-3-319-98648-7_16},
  isbn = {978-3-319-98648-7},
  langid = {english},
  keywords = {Anomaly detection,Artificial process intelligence,Business process management,Deep learning,Recurrent neural networks},
  annotation = {ZSCC: NoCitationData[s0]}
}

@video{nptel-nociitm_DeepLearningPart_2019,
  title = {Deep {{Learning Part}} - {{II}} ({{CS7015}}): {{Lec}} 21.2 {{Masked Autoencoder Density Estimator}} ({{MADE}})},
  shorttitle = {Deep {{Learning Part}} - {{II}} ({{CS7015}})},
  editor = {{NPTEL-NOC IITM}},
  date = {2019-04-19},
  url = {https://www.youtube.com/watch?v=lNW8T0W-xeE},
  urldate = {2021-10-18},
  editortype = {director},
  annotation = {ZSCC: NoCitationData[s0]}
}

@unpublished{oberst_CounterfactualOffPolicyEvaluation_2019,
  title = {Counterfactual {{Off-Policy Evaluation}} with {{Gumbel-Max Structural Causal Models}}},
  author = {Oberst, Michael and Sontag, David},
  date = {2019-06-06},
  eprint = {1905.05824},
  eprinttype = {arxiv},
  primaryclass = {cs, stat},
  url = {http://arxiv.org/abs/1905.05824},
  urldate = {2021-09-22},
  archiveprefix = {arXiv},
  keywords = {Computer Science - Machine Learning,hot,skimmed,Statistics - Machine Learning},
  annotation = {ZSCC: 0000061}
}

@article{olszewski_Generalizedfeatureextraction_2001,
  title = {Generalized Feature Extraction for Structural Pattern Recognition in Time-Series Data},
  author = {Olszewski, R. and Maxion, R. and Siewiorek, D.},
  date = {2001},
  journaltitle = {undefined},
  url = {https://www.semanticscholar.org/paper/Generalized-feature-extraction-for-structural-in-Olszewski-Maxion/d74fa52a7ddd41b175378dbe0604e635dab8a708},
  urldate = {2022-02-02},
  langid = {english},
  keywords = {skimmed},
  annotation = {ZSCC: NoCitationData[s0]}
}

@online{omray_IntroductionNormalizingFlows_2021,
  title = {Introduction to {{Normalizing Flows}}},
  author = {Omray, Aryansh},
  date = {2021-07-16T20:44:07},
  url = {https://towardsdatascience.com/introduction-to-normalizing-flows-d002af262a4b},
  urldate = {2021-10-07},
  langid = {english},
  organization = {{Medium}},
  annotation = {ZSCC: NoCitationData[s0]}
}

@unpublished{oord_PixelRecurrentNeural_2016,
  title = {Pixel {{Recurrent Neural Networks}}},
  author = {family=Oord, given=Aaron, prefix=van den, useprefix=false and Kalchbrenner, Nal and Kavukcuoglu, Koray},
  date = {2016-08-19},
  eprint = {1601.06759},
  eprinttype = {arxiv},
  primaryclass = {cs},
  url = {http://arxiv.org/abs/1601.06759},
  urldate = {2021-10-18},
  archiveprefix = {arXiv},
  keywords = {Computer Science - Computer Vision and Pattern Recognition,Computer Science - Machine Learning,Computer Science - Neural and Evolutionary Computing},
  annotation = {ZSCC: 0001610}
}

@unpublished{oord_WaveNetGenerativeModel_2016,
  title = {{{WaveNet}}: {{A Generative Model}} for {{Raw Audio}}},
  shorttitle = {{{WaveNet}}},
  author = {family=Oord, given=Aaron, prefix=van den, useprefix=false and Dieleman, Sander and Zen, Heiga and Simonyan, Karen and Vinyals, Oriol and Graves, Alex and Kalchbrenner, Nal and Senior, Andrew and Kavukcuoglu, Koray},
  date = {2016-09-19},
  eprint = {1609.03499},
  eprinttype = {arxiv},
  primaryclass = {cs},
  url = {http://arxiv.org/abs/1609.03499},
  urldate = {2021-10-18},
  archiveprefix = {arXiv},
  keywords = {Computer Science - Machine Learning,Computer Science - Sound},
  annotation = {ZSCC: 0003297}
}

@article{otten_Eventgenerationstatistical_2021,
  title = {Event Generation and Statistical Sampling for Physics with Deep Generative Models and a Density Information Buffer},
  author = {Otten, Sydney and Caron, Sascha and family=Swart, given=Wieske, prefix=de, useprefix=true and family=Beekveld, given=Melissa, prefix=van, useprefix=true and Hendriks, Luc and family=Leeuwen, given=Caspar, prefix=van, useprefix=true and Podareanu, Damian and Ruiz de Austri, Roberto and Verheyen, Rob},
  date = {2021-05-20},
  journaltitle = {Nature Communications},
  shortjournal = {Nat Commun},
  volume = {12},
  number = {1},
  pages = {2985},
  publisher = {{Nature Publishing Group}},
  issn = {2041-1723},
  doi = {10.1038/s41467-021-22616-z},
  url = {http://www.nature.com/articles/s41467-021-22616-z},
  urldate = {2021-10-03},
  issue = {1},
  langid = {english},
  annotation = {ZSCC: NoCitationData[s0]  Bandiera\_abtest: a Cc\_license\_type: cc\_by Cg\_type: Nature Research Journals Primary\_atype: Research Subject\_term: Characterization and analytical techniques;Information theory and computation;Statistics Subject\_term\_id: characterization-and-analytical-techniques;information-theory-and-computation;statistics}
}

@inproceedings{otto_EfficientEvolutionaryDecoding_2004,
  title = {Towards an {{Efficient Evolutionary Decoding Algorithm}} for {{Statistical Machine Translation}}},
  booktitle = {{{MICAI}} 2004: {{Advances}} in {{Artificial Intelligence}}},
  author = {Otto, Eridan and Riff, Mar\'ia Cristina},
  editor = {Monroy, Ra\'ul and Arroyo-Figueroa, Gustavo and Sucar, Luis Enrique and Sossa, Humberto},
  date = {2004},
  series = {Lecture {{Notes}} in {{Computer Science}}},
  pages = {438--447},
  publisher = {{Springer}},
  location = {{Berlin, Heidelberg}},
  doi = {10.1007/978-3-540-24694-7_45},
  isbn = {978-3-540-24694-7},
  langid = {english},
  keywords = {Alignment Structure,irrelevant,Machine Translation,Target Sentence,Target Word,Translation Model}
}

@book{pearl_Causalinferencestatistics_2016,
  title = {Causal Inference in Statistics: A Primer},
  shorttitle = {Causal Inference in Statistics},
  author = {Pearl, Judea and Glymour, Madelyn and Jewell, Nicholas P.},
  date = {2016},
  publisher = {{Wiley}},
  location = {{Chichester, West Sussex}},
  isbn = {978-1-119-18684-7},
  langid = {english},
  pagetotal = {136},
  keywords = {Causation,Graphical Models,Mathematical statistics,Probabilities},
  annotation = {ZSCC: 0000942}
}

@book{pearl_Causality_2009,
  title = {Causality},
  author = {Pearl, Judea},
  date = {2009},
  edition = {2},
  publisher = {{Cambridge University Press}},
  location = {{Cambridge}},
  doi = {10.1017/CBO9780511803161},
  url = {https://www.cambridge.org/core/books/causality/B0046844FAE10CBF274D4ACBDAEB5F5B},
  urldate = {2022-04-21},
  isbn = {978-0-521-89560-6}
}

@inproceedings{qafari_CaseLevelCounterfactual_2021,
  ids = {qafari_CaseLevelCounterfactual_2021a},
  title = {Case {{Level Counterfactual Reasoning}} in {{Process Mining}}},
  booktitle = {Intelligent {{Information Systems}}},
  author = {Qafari, Mahnaz Sadat and family=Aalst, given=Wil M. P., prefix=van der, useprefix=true},
  editor = {Nurcan, Selmin and Korthaus, Axel},
  date = {2021},
  series = {Lecture {{Notes}} in {{Business Information Processing}}},
  pages = {55--63},
  publisher = {{Springer International Publishing}},
  location = {{Cham}},
  doi = {10.1007/978-3-030-79108-7_7},
  isbn = {978-3-030-79108-7},
  langid = {english},
  keywords = {Counterfactual statement,hot,Process mining,Structural equation model},
  annotation = {ZSCC: NoCitationData[s0]}
}

@inproceedings{qian_XNLPLivingSurvey_2021,
  title = {{{XNLP}}: {{A Living Survey}} for {{XAI Research}} in {{Natural Language Processing}}},
  shorttitle = {{{XNLP}}},
  booktitle = {26th {{International Conference}} on {{Intelligent User Interfaces}}},
  author = {Qian, Kun and Danilevsky, Marina and Katsis, Yannis and Kawas, Ban and Oduor, Erick and Popa, Lucian and Li, Yunyao},
  date = {2021-04-14},
  series = {{{IUI}} '21},
  pages = {78--80},
  publisher = {{Association for Computing Machinery}},
  location = {{New York, NY, USA}},
  doi = {10.1145/3397482.3450728},
  url = {https://doi.org/10.1145/3397482.3450728},
  urldate = {2021-07-09},
  isbn = {978-1-4503-8018-8},
  keywords = {Explainable AI,interactive survey,natural language processing,XAI},
  annotation = {ZSCC: 0000001}
}

@article{rabiner_introductionhiddenMarkov_1986,
  title = {An Introduction to Hidden {{Markov}} Models},
  author = {Rabiner, L. and Juang, B.},
  date = {1986-01},
  journaltitle = {IEEE ASSP Magazine},
  volume = {3},
  number = {1},
  pages = {4--16},
  issn = {1558-1284},
  doi = {10.1109/MASSP.1986.1165342},
  eventtitle = {{{IEEE ASSP Magazine}}},
  keywords = {Fluctuations,Hidden Markov models,Linear systems,Mathematical model,Optimization methods,Pattern matching,Speech processing,Speech recognition,Time varying systems},
  annotation = {ZSCC: 0006244}
}

@online{ramani_DeepCausalGenerative_2020,
  title = {Deep {{Causal Generative Modelling}} \textemdash{} {{A Brief Tutorial}}},
  author = {Ramani, Harish},
  date = {2020-09-30T17:24:12},
  url = {https://medium.com/swlh/causal-generative-modelling-a-brief-tutorial-with-game-character-images-728d3450b600},
  urldate = {2021-10-02},
  langid = {english},
  organization = {{The Startup}},
  keywords = {hot},
  annotation = {ZSCC: NoCitationData[s0]}
}

@inproceedings{robeer_GeneratingRealisticNatural_2021,
  ids = {robeer_GeneratingRealisticNatural_},
  title = {Generating {{Realistic Natural Language Counterfactuals}}},
  booktitle = {Findings of the {{Association}} for {{Computational Linguistics}}: {{EMNLP}} 2021},
  author = {Robeer, Marcel and Bex, Floris and Feelders, Ad},
  date = {2021-11},
  pages = {3611--3625},
  publisher = {{Association for Computational Linguistics}},
  location = {{Punta Cana, Dominican Republic}},
  doi = {10.18653/v1/2021.findings-emnlp.306},
  url = {https://aclanthology.org/2021.findings-emnlp.306},
  urldate = {2022-02-26},
  eventtitle = {{{EMNLP-Findings}} 2021},
  langid = {english},
  keywords = {required,skimmed},
  annotation = {ZSCC: 0000001}
}

@article{rodriguez_applicationdifferentevolutionary_2008,
  title = {On the Application of Different Evolutionary Algorithms to the Alignment Problem in Statistical Machine Translation},
  author = {Rodr\'iguez, Luis and Garc\'ia-Varea, Ismael and G\'amez, Jos\'e A.},
  date = {2008-01-01},
  journaltitle = {Neurocomputing},
  shortjournal = {Neurocomputing},
  series = {Neural {{Networks}}: {{Algorithms}} and {{Applications}}},
  volume = {71},
  number = {4},
  pages = {755--765},
  issn = {0925-2312},
  doi = {10.1016/j.neucom.2007.10.006},
  url = {https://www.sciencedirect.com/science/article/pii/S0925231207003529},
  urldate = {2022-05-19},
  langid = {english},
  keywords = {Estimation of distribution algorithms,Evolutionary algorithms,irrelevant,Statistical alignments,Statistical machine translation}
}

@article{sabbaghan_Statisticalmeasurementtrees_2020,
  title = {Statistical Measurement of Trees' Similarity},
  author = {Sabbaghan, Sahar and Chua, Cecil Eng Huang and Gardner, Lesley A.},
  date = {2020-06-01},
  journaltitle = {Quality \& Quantity},
  shortjournal = {Qual Quant},
  volume = {54},
  number = {3},
  pages = {781--806},
  issn = {1573-7845},
  doi = {10.1007/s11135-019-00957-8},
  url = {https://doi.org/10.1007/s11135-019-00957-8},
  urldate = {2022-02-03},
  langid = {english},
  keywords = {Path,Tree},
  annotation = {ZSCC: 0000001}
}

@online{salehi_VariationalInferenceNormalizing_2021,
  title = {Variational {{Inference}} with {{Normalizing Flows}} on {{MNIST}}},
  author = {Salehi, Mohammadreza},
  date = {2021-04-09T21:11:45},
  url = {https://towardsdatascience.com/variational-inference-with-normalizing-flows-on-mnist-9258bbcf8810},
  urldate = {2021-10-03},
  langid = {english},
  organization = {{Medium}},
  annotation = {ZSCC: NoCitationData[s0]}
}

@unpublished{samoilescu_ModelagnosticScalableCounterfactual_2021,
  title = {Model-Agnostic and {{Scalable Counterfactual Explanations}} via {{Reinforcement Learning}}},
  author = {Samoilescu, Robert-Florian and Van Looveren, Arnaud and Klaise, Janis},
  date = {2021-06-04},
  eprint = {2106.02597},
  eprinttype = {arxiv},
  primaryclass = {cs, stat},
  url = {http://arxiv.org/abs/2106.02597},
  urldate = {2021-09-28},
  archiveprefix = {arXiv},
  keywords = {Computer Science - Machine Learning,hot,skimmed,Statistics - Machine Learning},
  annotation = {ZSCC: 0000000}
}

@article{schat_datarepresentativenesscriterion_2020,
  title = {The Data Representativeness Criterion: {{Predicting}} the Performance of Supervised Classification Based on Data Set Similarity},
  shorttitle = {The Data Representativeness Criterion},
  author = {Schat, Evelien and family=Schoot, given=Rens, prefix=van de, useprefix=false and Kouw, Wouter M. and Veen, Duco and Mendrik, Adri\"enne M.},
  date = {2020-11-08},
  journaltitle = {PLOS ONE},
  shortjournal = {PLOS ONE},
  volume = {15},
  number = {8},
  pages = {e0237009},
  publisher = {{Public Library of Science}},
  issn = {1932-6203},
  doi = {10.1371/journal.pone.0237009},
  url = {https://journals.plos.org/plosone/article?id=10.1371/journal.pone.0237009},
  urldate = {2022-03-14},
  langid = {english},
  keywords = {Algorithms,Central nervous system,Computer vision,Data acquisition,Machine learning,Machine learning algorithms,Magnetic resonance imaging,Probability distribution},
  annotation = {ZSCC: 0000008}
}

@article{shook_assessmentusestructural_2004,
  title = {An Assessment of the Use of Structural Equation Modeling in Strategic Management Research},
  author = {Shook, Christopher L. and Ketchen Jr., David J. and Hult, G. Tomas M. and Kacmar, K. Michele},
  date = {2004},
  journaltitle = {Strategic Management Journal},
  volume = {25},
  number = {4},
  pages = {397--404},
  issn = {1097-0266},
  doi = {10.1002/smj.385},
  url = {http://onlinelibrary.wiley.com/doi/abs/10.1002/smj.385},
  urldate = {2022-03-01},
  langid = {english},
  keywords = {data analysis,statistical methods,structural equation modeling},
  annotation = {ZSCC: 0001113  \_eprint: https://onlinelibrary.wiley.com/doi/pdf/10.1002/smj.385}
}

@online{shreyas_DeepEmbeddingCategorical_2019,
  title = {Deep {{Embedding}}'s for {{Categorical}} Variables ({{Cat2Vec}})},
  author = {Shreyas, Prajwal},
  date = {2019-09-22T05:13:15},
  url = {https://towardsdatascience.com/deep-embeddings-for-categorical-variables-cat2vec-b05c8ab63ac0},
  urldate = {2021-07-09},
  langid = {english},
  organization = {{Medium}},
  annotation = {ZSCC: NoCitationData[s0]}
}

@unpublished{shrikumar_LearningImportantFeatures_2019,
  title = {Learning {{Important Features Through Propagating Activation Differences}}},
  author = {Shrikumar, Avanti and Greenside, Peyton and Kundaje, Anshul},
  date = {2019-10-12},
  eprint = {1704.02685},
  eprinttype = {arxiv},
  primaryclass = {cs},
  url = {http://arxiv.org/abs/1704.02685},
  urldate = {2022-02-02},
  archiveprefix = {arXiv},
  keywords = {Computer Science - Computer Vision and Pattern Recognition,Computer Science - Machine Learning,Computer Science - Neural and Evolutionary Computing},
  annotation = {ZSCC: NoCitationData[s0]}
}

@video{simonleglaive_DynamicalVariationalAutoencoders_2021,
  title = {Dynamical {{Variational Autoencoders}} (3/5)},
  editor = {{Simon Leglaive}},
  date = {2021-06-22},
  url = {https://www.youtube.com/watch?v=KA0Eq3_SSpg},
  urldate = {2022-03-24},
  editortype = {director}
}

@video{simonleglaive_DynamicalVariationalAutoencoders_2021a,
  title = {Dynamical {{Variational Autoencoders}} (2/5)},
  editor = {{Simon Leglaive}},
  date = {2021-06-22},
  url = {https://www.youtube.com/watch?v=rz76gYgxySo},
  urldate = {2022-02-07},
  editortype = {director},
  annotation = {ZSCC: NoCitationData[s0]}
}

@incollection{sloss_2019EvolutionaryAlgorithms_2020,
  title = {2019 {{Evolutionary Algorithms Review}}},
  booktitle = {Genetic {{Programming Theory}} and {{Practice XVII}}},
  author = {Sloss, Andrew N. and Gustafson, Steven},
  editor = {Banzhaf, Wolfgang and Goodman, Erik and Sheneman, Leigh and Trujillo, Leonardo and Worzel, Bill},
  date = {2020},
  series = {Genetic and {{Evolutionary Computation}}},
  pages = {307--344},
  publisher = {{Springer International Publishing}},
  location = {{Cham}},
  doi = {10.1007/978-3-030-39958-0_16},
  url = {https://doi.org/10.1007/978-3-030-39958-0_16},
  urldate = {2022-02-04},
  isbn = {978-3-030-39958-0},
  langid = {english},
  keywords = {irrelevant,skimmed},
  annotation = {ZSCC: NoCitationData[s0]}
}

@article{sologub_MeasuringSimilarityTree_,
  title = {On {{Measuring}} of {{Similarity}} between {{Tree Nodes}}},
  author = {Sologub, Gleb B},
  pages = {9},
  langid = {english},
  keywords = {Path,Tree},
  annotation = {ZSCC: 0000006}
}

@incollection{starr_Counterfactuals_2021,
  ids = {starr_Counterfactuals_2021a},
  title = {Counterfactuals},
  booktitle = {The {{Stanford Encyclopedia}} of {{Philosophy}}},
  author = {Starr, William},
  editor = {Zalta, Edward N.},
  date = {2021},
  edition = {Summer 2021},
  publisher = {{Metaphysics Research Lab, Stanford University}},
  url = {https://plato.stanford.edu/archives/sum2021/entries/counterfactuals/},
  urldate = {2022-02-09},
  annotation = {ZSCC: NoCitationData[s0]}
}

@unpublished{strobelt_Seq2SeqVisVisualDebugging_2018,
  title = {{{Seq2Seq-Vis}}: {{A Visual Debugging Tool}} for {{Sequence-to-Sequence Models}}},
  shorttitle = {{{Seq2Seq-Vis}}},
  author = {Strobelt, Hendrik and Gehrmann, Sebastian and Behrisch, Michael and Perer, Adam and Pfister, Hanspeter and Rush, Alexander M.},
  date = {2018-10-16},
  eprint = {1804.09299},
  eprinttype = {arxiv},
  primaryclass = {cs},
  url = {http://arxiv.org/abs/1804.09299},
  urldate = {2021-09-23},
  archiveprefix = {arXiv},
  keywords = {Computer Science - Artificial Intelligence,Computer Science - Computation and Language,Computer Science - Neural and Evolutionary Computing},
  annotation = {ZSCC: NoCitationData[s0]}
}

@inproceedings{tax_PredictiveBusinessProcess_2017a,
  title = {Predictive {{Business Process Monitoring}} with {{LSTM Neural Networks}}},
  booktitle = {Advanced {{Information Systems Engineering}}},
  author = {Tax, Niek and Verenich, Ilya and La Rosa, Marcello and Dumas, Marlon},
  editor = {Dubois, Eric and Pohl, Klaus},
  date = {2017},
  series = {Lecture {{Notes}} in {{Computer Science}}},
  pages = {477--492},
  publisher = {{Springer International Publishing}},
  location = {{Cham}},
  doi = {10.1007/978-3-319-59536-8_30},
  isbn = {978-3-319-59536-8},
  langid = {english},
  keywords = {Activity Prediction,done,hot,Levenshtein Distance,Prediction Point,Recurrent Neural Network,Transition System State},
  annotation = {ZSCC: NoCitationData[s0]}
}

@unpublished{teinemaa_OutcomeOrientedPredictiveProcess_2018a,
  title = {Outcome-{{Oriented Predictive Process Monitoring}}: {{Review}} and {{Benchmark}}},
  shorttitle = {Outcome-{{Oriented Predictive Process Monitoring}}},
  author = {Teinemaa, Irene and Dumas, Marlon and La Rosa, Marcello and Maggi, Fabrizio Maria},
  date = {2018-10-23},
  eprint = {1707.06766},
  eprinttype = {arxiv},
  primaryclass = {cs},
  url = {http://arxiv.org/abs/1707.06766},
  urldate = {2022-05-07},
  archiveprefix = {arXiv},
  keywords = {Computer Science - Artificial Intelligence}
}

@unpublished{tsirtsis_CounterfactualExplanationsSequential_2021,
  title = {Counterfactual {{Explanations}} in {{Sequential Decision Making Under Uncertainty}}},
  author = {Tsirtsis, Stratis and De, Abir and Gomez-Rodriguez, Manuel},
  date = {2021-07-06},
  eprint = {2107.02776},
  eprinttype = {arxiv},
  primaryclass = {cs, stat},
  url = {http://arxiv.org/abs/2107.02776},
  urldate = {2021-09-09},
  archiveprefix = {arXiv},
  keywords = {Computer Science - Computers and Society,Computer Science - Machine Learning,done,hot,Statistics - Machine Learning},
  annotation = {ZSCC: 0000000}
}

@inproceedings{vanderaalst_ProcessMiningManifesto_2012,
  title = {Process {{Mining Manifesto}}},
  booktitle = {Business {{Process Management Workshops}}},
  author = {family=Aalst, given=Wil, prefix=van der, useprefix=true and Adriansyah, Arya and family=Medeiros, given=Ana Karla Alves, prefix=de, useprefix=true and Arcieri, Franco and Baier, Thomas and Blickle, Tobias and Bose, Jagadeesh Chandra and family=Brand, given=Peter, prefix=van den, useprefix=true and Brandtjen, Ronald and Buijs, Joos and Burattin, Andrea and Carmona, Josep and Castellanos, Malu and Claes, Jan and Cook, Jonathan and Costantini, Nicola and Curbera, Francisco and Damiani, Ernesto and family=Leoni, given=Massimiliano, prefix=de, useprefix=true and Delias, Pavlos and family=Dongen, given=Boudewijn F., prefix=van, useprefix=true and Dumas, Marlon and Dustdar, Schahram and Fahland, Dirk and Ferreira, Diogo R. and Gaaloul, Walid and family=Geffen, given=Frank, prefix=van, useprefix=true and Goel, Sukriti and G\"unther, Christian and Guzzo, Antonella and Harmon, Paul and family=Hofstede, given=Arthur, prefix=ter, useprefix=true and Hoogland, John and Ingvaldsen, Jon Espen and Kato, Koki and Kuhn, Rudolf and Kumar, Akhil and La Rosa, Marcello and Maggi, Fabrizio and Malerba, Donato and Mans, Ronny S. and Manuel, Alberto and McCreesh, Martin and Mello, Paola and Mendling, Jan and Montali, Marco and Motahari-Nezhad, Hamid R. and family=Muehlen, given=Michael, prefix=zur, useprefix=true and Munoz-Gama, Jorge and Pontieri, Luigi and Ribeiro, Joel and Rozinat, Anne and Seguel P\'erez, Hugo and Seguel P\'erez, Ricardo and Sep\'ulveda, Marcos and Sinur, Jim and Soffer, Pnina and Song, Minseok and Sperduti, Alessandro and Stilo, Giovanni and Stoel, Casper and Swenson, Keith and Talamo, Maurizio and Tan, Wei and Turner, Chris and Vanthienen, Jan and Varvaressos, George and Verbeek, Eric and Verdonk, Marc and Vigo, Roberto and Wang, Jianmin and Weber, Barbara and Weidlich, Matthias and Weijters, Ton and Wen, Lijie and Westergaard, Michael and Wynn, Moe},
  editor = {Daniel, Florian and Barkaoui, Kamel and Dustdar, Schahram},
  date = {2012},
  series = {Lecture {{Notes}} in {{Business Information Processing}}},
  pages = {169--194},
  publisher = {{Springer}},
  location = {{Berlin, Heidelberg}},
  doi = {10.1007/978-3-642-28108-2_19},
  isbn = {978-3-642-28108-2},
  langid = {english},
  keywords = {Business Intelligence,Business Process Management,Concept Drift,done,hot,Process Instance,Process Mining},
  annotation = {ZSCC: NoCitationData[s0]}
}

@article{vanderaalst_ProcessMiningOverview_2012,
  title = {Process {{Mining}}: {{Overview}} and {{Opportunities}}},
  shorttitle = {Process {{Mining}}},
  author = {family=Aalst, given=Wil, prefix=van der, useprefix=true},
  date = {2012-07-01},
  journaltitle = {ACM Transactions on Management Information Systems},
  shortjournal = {ACM Trans. Manage. Inf. Syst.},
  volume = {3},
  number = {2},
  pages = {7:1--7:17},
  issn = {2158-656X},
  doi = {10.1145/2229156.2229157},
  url = {https://doi.org/10.1145/2229156.2229157},
  urldate = {2021-10-15},
  keywords = {business intelligence,business process management,data mining,done,hot,Process mining},
  annotation = {ZSCC: 0000351}
}

@inproceedings{vanderaalst_Processminingsimulation_2018,
  title = {Process Mining and Simulation: A Match Made in Heaven!},
  shorttitle = {Process Mining and Simulation},
  booktitle = {Proceedings of the 50th {{Computer Simulation Conference}}},
  author = {family=Aalst, given=Wil M. P., prefix=van der, useprefix=true},
  date = {2018-07-09},
  series = {{{SummerSim}} '18},
  pages = {1--12},
  publisher = {{Society for Computer Simulation International}},
  location = {{San Diego, CA, USA}},
  keywords = {conformance checking,done,hot,process discovery,process mining,simulation},
  annotation = {ZSCC: 0000034}
}

@unpublished{vaswani_AttentionAllYou_2017,
  title = {Attention {{Is All You Need}}},
  author = {Vaswani, Ashish and Shazeer, Noam and Parmar, Niki and Uszkoreit, Jakob and Jones, Llion and Gomez, Aidan N. and Kaiser, Lukasz and Polosukhin, Illia},
  date = {2017-12-05},
  eprint = {1706.03762},
  eprinttype = {arxiv},
  primaryclass = {cs},
  url = {http://arxiv.org/abs/1706.03762},
  urldate = {2022-03-27},
  archiveprefix = {arXiv},
  keywords = {Computer Science - Computation and Language,Computer Science - Machine Learning}
}

@article{verboven_CombiningClinicalOperational_,
  title = {Combining the {{Clinical}} and {{Operational Perspective}} in {{Heterogeneous Treatment Effect Inference}} in {{Healthcare Processes}}},
  author = {Verboven, Sam and Martin, Niels},
  pages = {12},
  langid = {english},
  keywords = {hot,skimmed},
  annotation = {ZSCC: NoCitationData[s0]}
}

@unpublished{verma_CounterfactualExplanationsMachine_2020,
  title = {Counterfactual {{Explanations}} for {{Machine Learning}}: {{A Review}}},
  shorttitle = {Counterfactual {{Explanations}} for {{Machine Learning}}},
  author = {Verma, Sahil and Dickerson, John and Hines, Keegan},
  date = {2020-10-20},
  eprint = {2010.10596},
  eprinttype = {arxiv},
  primaryclass = {cs, stat},
  url = {http://arxiv.org/abs/2010.10596},
  urldate = {2021-09-23},
  archiveprefix = {arXiv},
  keywords = {Computer Science - Artificial Intelligence,Computer Science - Machine Learning,done,Statistics - Machine Learning},
  annotation = {ZSCC: 0000048}
}

@inproceedings{vikhar_Evolutionaryalgorithmscritical_2016,
  title = {Evolutionary Algorithms: {{A}} Critical Review and Its Future Prospects},
  shorttitle = {Evolutionary Algorithms},
  booktitle = {2016 {{International Conference}} on {{Global Trends}} in {{Signal Processing}}, {{Information Computing}} and {{Communication}} ({{ICGTSPICC}})},
  author = {Vikhar, Pradnya A.},
  date = {2016-12},
  pages = {261--265},
  doi = {10.1109/ICGTSPICC.2016.7955308},
  eventtitle = {2016 {{International Conference}} on {{Global Trends}} in {{Signal Processing}}, {{Information Computing}} and {{Communication}} ({{ICGTSPICC}})},
  keywords = {Distributed EAs,done,Evolutionary Algorithm,Evolutionary computation,Evolutionary Computations,Genetic algorithms,Genetic programming,hot,Memetic Algorithms,Optimization,Programming,Sociology,Statistics}
}

@unpublished{viner_ProcessMiningSoftware_2021,
  title = {A {{Process Mining Software Comparison}}},
  author = {Viner, Daniel and Stierle, Matthias and Matzner, Martin},
  date = {2021-02-04},
  eprint = {2007.14038},
  eprinttype = {arxiv},
  primaryclass = {cs},
  url = {http://arxiv.org/abs/2007.14038},
  urldate = {2021-07-13},
  archiveprefix = {arXiv},
  keywords = {Computer Science - Human-Computer Interaction,Computer Science - Software Engineering},
  annotation = {ZSCC: NoCitationData[s0]}
}

@article{wachter_CounterfactualExplanationsOpening_2017,
  title = {Counterfactual {{Explanations Without Opening}} the {{Black Box}}: {{Automated Decisions}} and the {{GDPR}}},
  shorttitle = {Counterfactual {{Explanations Without Opening}} the {{Black Box}}},
  author = {Wachter, Sandra and Mittelstadt, B. and Russell, Chris},
  date = {2017},
  journaltitle = {ArXiv},
  doi = {10.2139/ssrn.3063289},
  annotation = {ZSCC: 0001096}
}

@inproceedings{wang_CloserLookRobustness_2021,
  title = {A {{Closer Look}} into the {{Robustness}} of {{Neural Dependency Parsers Using Better Adversarial Examples}}},
  booktitle = {Findings of the {{Association}} for {{Computational Linguistics}}: {{ACL-IJCNLP}} 2021},
  author = {Wang, Yuxuan and Che, Wanxiang and Titov, Ivan and Cohen, Shay B. and Lei, Zhilin and Liu, Ting},
  date = {2021-08},
  pages = {2344--2354},
  publisher = {{Association for Computational Linguistics}},
  location = {{Online}},
  doi = {10.18653/v1/2021.findings-acl.207},
  url = {https://aclanthology.org/2021.findings-acl.207},
  urldate = {2021-09-03},
  eventtitle = {Findings 2021},
  keywords = {Pertubations},
  annotation = {ZSCC: NoCitationData[s0]}
}

@unpublished{wang_ControllableUnsupervisedText_2019,
  title = {Controllable {{Unsupervised Text Attribute Transfer}} via {{Editing Entangled Latent Representation}}},
  author = {Wang, Ke and Hua, Hang and Wan, Xiaojun},
  date = {2019-12-12},
  eprint = {1905.12926},
  eprinttype = {arxiv},
  primaryclass = {cs},
  url = {http://arxiv.org/abs/1905.12926},
  urldate = {2022-02-28},
  archiveprefix = {arXiv},
  keywords = {Computer Science - Computation and Language},
  annotation = {ZSCC: 0000044}
}

@unpublished{wang_ControllableUnsupervisedText_2019a,
  title = {Controllable {{Unsupervised Text Attribute Transfer}} via {{Editing Entangled Latent Representation}}},
  author = {Wang, Ke and Hua, Hang and Wan, Xiaojun},
  date = {2019-12-12},
  eprint = {1905.12926},
  eprinttype = {arxiv},
  primaryclass = {cs},
  url = {http://arxiv.org/abs/1905.12926},
  urldate = {2021-11-09},
  archiveprefix = {arXiv},
  keywords = {Computer Science - Computation and Language},
  annotation = {ZSCC: 0000038}
}

@inproceedings{wang_CounterfactualDataAugmentedSequential_2021,
  title = {Counterfactual {{Data-Augmented Sequential Recommendation}}},
  booktitle = {Proceedings of the 44th {{International ACM SIGIR Conference}} on {{Research}} and {{Development}} in {{Information Retrieval}}},
  author = {Wang, Zhenlei and Zhang, Jingsen and Xu, Hongteng and Chen, Xu and Zhang, Yongfeng and Zhao, Wayne Xin and Wen, Ji-Rong},
  date = {2021-07-11},
  series = {{{SIGIR}} '21},
  pages = {347--356},
  publisher = {{Association for Computing Machinery}},
  location = {{New York, NY, USA}},
  doi = {10.1145/3404835.3462855},
  url = {https://doi.org/10.1145/3404835.3462855},
  urldate = {2021-09-09},
  isbn = {978-1-4503-8037-9},
  keywords = {counterfactual data augmentation,recommendation system},
  annotation = {ZSCC: 0000001}
}

@unpublished{wang_DeconfoundedRecommenderCausal_2019,
  title = {The {{Deconfounded Recommender}}: {{A Causal Inference Approach}} to {{Recommendation}}},
  shorttitle = {The {{Deconfounded Recommender}}},
  author = {Wang, Yixin and Liang, Dawen and Charlin, Laurent and Blei, David M.},
  date = {2019-05-27},
  eprint = {1808.06581},
  eprinttype = {arxiv},
  primaryclass = {cs, stat},
  url = {http://arxiv.org/abs/1808.06581},
  urldate = {2022-02-28},
  archiveprefix = {arXiv},
  keywords = {Computer Science - Information Retrieval,Computer Science - Machine Learning,Statistics - Machine Learning},
  annotation = {ZSCC: NoCitationData[s0]}
}

@article{wang_Efficientrecoverymissing_2013,
  title = {Efficient Recovery of Missing Events},
  author = {Wang, Jianmin and Song, Shaoxu and Zhu, Xiaochen and Lin, Xuemin},
  date = {2013-08-01},
  journaltitle = {Proceedings of the VLDB Endowment},
  shortjournal = {Proc. VLDB Endow.},
  volume = {6},
  number = {10},
  pages = {841--852},
  issn = {2150-8097},
  doi = {10.14778/2536206.2536212},
  url = {https://doi.org/10.14778/2536206.2536212},
  urldate = {2022-04-21}
}

@article{wang_MeasurementTextSimilarity_2020,
  title = {Measurement of {{Text Similarity}}: {{A Survey}}},
  shorttitle = {Measurement of {{Text Similarity}}},
  author = {Wang, Jiapeng and Dong, Yihong},
  date = {2020-09},
  journaltitle = {Information},
  volume = {11},
  number = {9},
  pages = {421},
  publisher = {{Multidisciplinary Digital Publishing Institute}},
  doi = {10.3390/info11090421},
  url = {https://www.mdpi.com/2078-2489/11/9/421},
  urldate = {2021-12-17},
  issue = {9},
  langid = {english},
  keywords = {done,hot,text distance,text representation,text similarity measure},
  annotation = {ZSCC: 0000014}
}

@article{waterman_biologicalsequencemetrics_1976,
  title = {Some Biological Sequence Metrics},
  author = {Waterman, M. S and Smith, T. F and Beyer, W. A},
  date = {1976-06-01},
  journaltitle = {Advances in Mathematics},
  shortjournal = {Advances in Mathematics},
  volume = {20},
  number = {3},
  pages = {367--387},
  issn = {0001-8708},
  doi = {10.1016/0001-8708(76)90202-4},
  url = {https://www.sciencedirect.com/science/article/pii/0001870876902024},
  urldate = {2021-12-16},
  langid = {english},
  annotation = {ZSCC: 0000540}
}

@software{wilde_daffidwildeedo_2022,
  title = {Daffidwilde/Edo},
  author = {Wilde, Henry},
  date = {2022-02-07T14:31:59Z},
  origdate = {2018-07-04T09:59:27Z},
  url = {https://github.com/daffidwilde/edo},
  urldate = {2022-02-08},
  keywords = {data-generation,evolutionary-algorithms,optimisation},
  annotation = {ZSCC: NoCitationData[s0]}
}

@unpublished{yang_CausalVAEDisentangledRepresentation_2021,
  title = {{{CausalVAE}}: {{Disentangled Representation Learning}} via {{Neural Structural Causal Models}}},
  shorttitle = {{{CausalVAE}}},
  author = {Yang, Mengyue and Liu, Furui and Chen, Zhitang and Shen, Xinwei and Hao, Jianye and Wang, Jun},
  date = {2021-03-23},
  eprint = {2004.08697},
  eprinttype = {arxiv},
  primaryclass = {cs, stat},
  url = {http://arxiv.org/abs/2004.08697},
  urldate = {2022-02-03},
  archiveprefix = {arXiv},
  keywords = {Computer Science - Machine Learning,hot,skimmed,Statistics - Machine Learning,VAE},
  annotation = {ZSCC: 0000019}
}

@unpublished{zhao_DeeperUnderstandingVariational_2017,
  title = {Towards {{Deeper Understanding}} of {{Variational Autoencoding Models}}},
  author = {Zhao, Shengjia and Song, Jiaming and Ermon, Stefano},
  date = {2017-02-28},
  eprint = {1702.08658},
  eprinttype = {arxiv},
  primaryclass = {cs, stat},
  url = {http://arxiv.org/abs/1702.08658},
  urldate = {2022-02-03},
  archiveprefix = {arXiv},
  keywords = {Computer Science - Machine Learning,Statistics - Machine Learning,VAE},
  annotation = {ZSCC: 0000118}
}

@article{zhao_Stringcorrectionusing_2019,
  title = {String Correction Using the {{Damerau-Levenshtein}} Distance},
  author = {Zhao, Chunchun and Sahni, Sartaj},
  date = {2019-06-06},
  journaltitle = {BMC Bioinformatics},
  shortjournal = {BMC Bioinformatics},
  volume = {20},
  number = {11},
  pages = {277},
  issn = {1471-2105},
  doi = {10.1186/s12859-019-2819-0},
  url = {https://doi.org/10.1186/s12859-019-2819-0},
  urldate = {2022-04-15},
  keywords = {Cache efficient,Damerau-Levenshtein distance,Edit distance,String correction}
}

@unpublished{zhu_S3VAESelfSupervisedSequential_2020,
  title = {{{S3VAE}}: {{Self-Supervised Sequential VAE}} for {{Representation Disentanglement}} and {{Data Generation}}},
  shorttitle = {{{S3VAE}}},
  author = {Zhu, Yizhe and Min, Martin Renqiang and Kadav, Asim and Graf, Hans Peter},
  date = {2020-05-22},
  eprint = {2005.11437},
  eprinttype = {arxiv},
  primaryclass = {cs},
  url = {http://arxiv.org/abs/2005.11437},
  urldate = {2022-02-03},
  archiveprefix = {arXiv},
  keywords = {Computer Science - Computer Vision and Pattern Recognition,irrelevant,skimmed,VAE},
  annotation = {ZSCC: 0000023}
}


