
@online{_Counterfactual_,
  title = {Counterfactual},
  doi = {10.1093/oi/authority.20110803095642948},
  url = {https://www-oxfordreference-com.proxy.library.uu.nl/view/10.1093/oi/authority.20110803095642948},
  urldate = {2022-02-10},
  langid = {english},
  organization = {{Oxford Reference}}
}

@online{_CounterfactualAdjectiveDefinition_,
  title = {Counterfactual Adjective - {{Definition}}, Pictures, Pronunciation and Usage Notes | {{Oxford Advanced American Dictionary}} at {{OxfordLearnersDictionaries}}.Com},
  url = {https://www.oxfordlearnersdictionaries.com/definition/american_english/counterfactual},
  urldate = {2022-02-09}
}

@incollection{hitchcock_CausalModels_2020,
  title = {Causal {{Models}}},
  booktitle = {The {{Stanford Encyclopedia}} of {{Philosophy}}},
  author = {Hitchcock, Christopher},
  editor = {Zalta, Edward N.},
  date = {2020},
  edition = {Summer 2020},
  publisher = {{Metaphysics Research Lab, Stanford University}},
  url = {https://plato.stanford.edu/archives/sum2020/entries/causal-models/},
  urldate = {2022-02-10},
  annotation = {ZSCC: NoCitationData[s0]}
}

@incollection{hitchcock_CausalModels_2020a,
  title = {Causal {{Models}}},
  booktitle = {The {{Stanford Encyclopedia}} of {{Philosophy}}},
  author = {Hitchcock, Christopher},
  editor = {Zalta, Edward N.},
  date = {2020},
  edition = {Summer 2020},
  publisher = {{Metaphysics Research Lab, Stanford University}},
  url = {https://plato.stanford.edu/archives/sum2020/entries/causal-models/},
  urldate = {2022-02-10},
  annotation = {ZSCC: NoCitationData[s0]}
}

@incollection{starr_Counterfactuals_2021,
  title = {Counterfactuals},
  booktitle = {The {{Stanford Encyclopedia}} of {{Philosophy}}},
  author = {Starr, William},
  editor = {Zalta, Edward N.},
  date = {2021},
  edition = {Summer 2021},
  publisher = {{Metaphysics Research Lab, Stanford University}},
  url = {https://plato.stanford.edu/archives/sum2021/entries/counterfactuals/},
  urldate = {2022-02-09},
  annotation = {ZSCC: NoCitationData[s0]}
}

@incollection{starr_Counterfactuals_2021a,
  title = {Counterfactuals},
  booktitle = {The {{Stanford Encyclopedia}} of {{Philosophy}}},
  author = {Starr, William},
  editor = {Zalta, Edward N.},
  date = {2021},
  edition = {Summer 2021},
  publisher = {{Metaphysics Research Lab, Stanford University}},
  url = {https://plato.stanford.edu/archives/sum2021/entries/counterfactuals/},
  urldate = {2022-02-10},
  annotation = {ZSCC: NoCitationData[s0]}
}


